%YAML 1.1
%TAG !u! tag:unity3d.com,2011:
--- !u!1 &187244910846303453
GameObject:
  m_ObjectHideFlags: 0
  m_CorrespondingSourceObject: {fileID: 0}
  m_PrefabInstance: {fileID: 0}
  m_PrefabAsset: {fileID: 0}
  serializedVersion: 6
  m_Component:
  - component: {fileID: 2489184215751241403}
  m_Layer: 13
  m_Name: Finger_011
  m_TagString: Untagged
  m_Icon: {fileID: 0}
  m_NavMeshLayer: 0
  m_StaticEditorFlags: 0
  m_IsActive: 1
--- !u!4 &2489184215751241403
Transform:
  m_ObjectHideFlags: 0
  m_CorrespondingSourceObject: {fileID: 0}
  m_PrefabInstance: {fileID: 0}
  m_PrefabAsset: {fileID: 0}
  m_GameObject: {fileID: 187244910846303453}
  m_LocalRotation: {x: -0.016584825, y: -0.15953717, z: 0.07820594, w: 0.98394954}
  m_LocalPosition: {x: 0.0099824965, y: 0.00011599732, z: 0.0032833482}
  m_LocalScale: {x: 1, y: 0.99999994, z: 1}
  m_Children:
  - {fileID: 3514263500744516808}
  m_Father: {fileID: 7113564000573119277}
  m_RootOrder: 0
  m_LocalEulerAnglesHint: {x: 0, y: 0, z: 0}
--- !u!1 &375844314333136693
GameObject:
  m_ObjectHideFlags: 0
  m_CorrespondingSourceObject: {fileID: 0}
  m_PrefabInstance: {fileID: 0}
  m_PrefabAsset: {fileID: 0}
  serializedVersion: 6
  m_Component:
  - component: {fileID: 304537724412136524}
  - component: {fileID: 2168865529121141285}
  - component: {fileID: 4605265886843345599}
  - component: {fileID: 1215895444930495334}
  m_Layer: 13
  m_Name: Elbow_L
  m_TagString: Untagged
  m_Icon: {fileID: 0}
  m_NavMeshLayer: 0
  m_StaticEditorFlags: 0
  m_IsActive: 1
--- !u!4 &304537724412136524
Transform:
  m_ObjectHideFlags: 0
  m_CorrespondingSourceObject: {fileID: 0}
  m_PrefabInstance: {fileID: 0}
  m_PrefabAsset: {fileID: 0}
  m_GameObject: {fileID: 375844314333136693}
  m_LocalRotation: {x: -0.15253185, y: 0.031911895, z: 0.073344976, w: 0.98505646}
  m_LocalPosition: {x: -0.0339474, y: -0.00014491273, z: -0.00014363481}
  m_LocalScale: {x: 1.0000001, y: 0.99999994, z: 1.0000001}
  m_Children:
  - {fileID: 5194306540895277733}
  m_Father: {fileID: 7503153873448802478}
  m_RootOrder: 0
  m_LocalEulerAnglesHint: {x: 0, y: 0, z: 0}
--- !u!54 &2168865529121141285
Rigidbody:
  m_ObjectHideFlags: 0
  m_CorrespondingSourceObject: {fileID: 0}
  m_PrefabInstance: {fileID: 0}
  m_PrefabAsset: {fileID: 0}
  m_GameObject: {fileID: 375844314333136693}
  serializedVersion: 2
  m_Mass: 1.5
  m_Drag: 0.3
  m_AngularDrag: 0.3
  m_UseGravity: 0
  m_IsKinematic: 0
  m_Interpolate: 0
  m_Constraints: 0
  m_CollisionDetection: 0
--- !u!136 &4605265886843345599
CapsuleCollider:
  m_ObjectHideFlags: 0
  m_CorrespondingSourceObject: {fileID: 0}
  m_PrefabInstance: {fileID: 0}
  m_PrefabAsset: {fileID: 0}
  m_GameObject: {fileID: 375844314333136693}
  m_Material: {fileID: 0}
  m_IsTrigger: 0
  m_Enabled: 0
  m_Radius: 0.0073047956
  m_Height: 0.027114533
  m_Direction: 0
  m_Center: {x: -0.013557253, y: 0.000000014872059, z: -0.000019054043}
--- !u!144 &1215895444930495334
CharacterJoint:
  m_ObjectHideFlags: 0
  m_CorrespondingSourceObject: {fileID: 0}
  m_PrefabInstance: {fileID: 0}
  m_PrefabAsset: {fileID: 0}
  m_GameObject: {fileID: 375844314333136693}
  m_ConnectedBody: {fileID: 5067650973972260387}
  m_Anchor: {x: 0, y: 0, z: 0}
  m_Axis: {x: -0.00012956187, y: 0.25478572, z: 0.0922642}
  m_AutoConfigureConnectedAnchor: 1
  m_ConnectedAnchor: {x: -0.03394739, y: -0.0001448989, z: -0.000143633}
  serializedVersion: 2
  m_SwingAxis: {x: 0.033964932, y: -0.34027588, z: 0.9397126}
  m_TwistLimitSpring:
    spring: 0
    damper: 0
  m_LowTwistLimit:
    limit: -120
    bounciness: 0
    contactDistance: 0
  m_HighTwistLimit:
    limit: 0
    bounciness: 0
    contactDistance: 0
  m_SwingLimitSpring:
    spring: 0
    damper: 0
  m_Swing1Limit:
    limit: 10
    bounciness: 0
    contactDistance: 0
  m_Swing2Limit:
    limit: 90
    bounciness: 0
    contactDistance: 0
  m_EnableProjection: 1
  m_ProjectionDistance: 0.1
  m_ProjectionAngle: 180
  m_BreakForce: Infinity
  m_BreakTorque: Infinity
  m_EnableCollision: 0
  m_EnablePreprocessing: 0
  m_MassScale: 1
  m_ConnectedMassScale: 1
--- !u!1 &502145039580777230
GameObject:
  m_ObjectHideFlags: 0
  m_CorrespondingSourceObject: {fileID: 0}
  m_PrefabInstance: {fileID: 0}
  m_PrefabAsset: {fileID: 0}
  serializedVersion: 6
  m_Component:
  - component: {fileID: 7967406825927963223}
  m_Layer: 13
  m_Name: Thumb_02
  m_TagString: Untagged
  m_Icon: {fileID: 0}
  m_NavMeshLayer: 0
  m_StaticEditorFlags: 0
  m_IsActive: 1
--- !u!4 &7967406825927963223
Transform:
  m_ObjectHideFlags: 0
  m_CorrespondingSourceObject: {fileID: 0}
  m_PrefabInstance: {fileID: 0}
  m_PrefabAsset: {fileID: 0}
  m_GameObject: {fileID: 502145039580777230}
  m_LocalRotation: {x: -0.04095859, y: -0.04825676, z: -0.002640924, w: 0.9979913}
  m_LocalPosition: {x: -0.0063701975, y: 0.000000017166139, z: -0.000000007629395}
  m_LocalScale: {x: 0.9999999, y: 0.9999999, z: 0.99999994}
  m_Children:
  - {fileID: 6052975418024697466}
  m_Father: {fileID: 1763429733903658755}
  m_RootOrder: 0
  m_LocalEulerAnglesHint: {x: 0, y: 0, z: 0}
--- !u!1 &542954678391188620
GameObject:
  m_ObjectHideFlags: 0
  m_CorrespondingSourceObject: {fileID: 0}
  m_PrefabInstance: {fileID: 0}
  m_PrefabAsset: {fileID: 0}
  serializedVersion: 6
  m_Component:
  - component: {fileID: 4622617665607877858}
  - component: {fileID: 4023137439940459525}
  - component: {fileID: 8213885788205349477}
  - component: {fileID: 675689501479556008}
  m_Layer: 13
  m_Name: Ankle_R
  m_TagString: Untagged
  m_Icon: {fileID: 0}
  m_NavMeshLayer: 0
  m_StaticEditorFlags: 0
  m_IsActive: 1
--- !u!4 &4622617665607877858
Transform:
  m_ObjectHideFlags: 0
  m_CorrespondingSourceObject: {fileID: 0}
  m_PrefabInstance: {fileID: 0}
  m_PrefabAsset: {fileID: 0}
  m_GameObject: {fileID: 542954678391188620}
  m_LocalRotation: {x: 0.8049672, y: 0.45493427, z: 0.030171186, w: -0.37967393}
  m_LocalPosition: {x: -0.03771237, y: 0, z: -0.0000000019073487}
  m_LocalScale: {x: 1, y: 1, z: 0.9999998}
  m_Children:
  - {fileID: 4837464090809686344}
  m_Father: {fileID: 8780220091697230794}
  m_RootOrder: 0
  m_LocalEulerAnglesHint: {x: 0, y: 0, z: 0}
--- !u!54 &4023137439940459525
Rigidbody:
  m_ObjectHideFlags: 0
  m_CorrespondingSourceObject: {fileID: 0}
  m_PrefabInstance: {fileID: 0}
  m_PrefabAsset: {fileID: 0}
  m_GameObject: {fileID: 542954678391188620}
  serializedVersion: 2
  m_Mass: 1.5
  m_Drag: 0.3
  m_AngularDrag: 0.3
  m_UseGravity: 0
  m_IsKinematic: 0
  m_Interpolate: 0
  m_Constraints: 0
  m_CollisionDetection: 0
--- !u!65 &8213885788205349477
BoxCollider:
  m_ObjectHideFlags: 0
  m_CorrespondingSourceObject: {fileID: 0}
  m_PrefabInstance: {fileID: 0}
  m_PrefabAsset: {fileID: 0}
  m_GameObject: {fileID: 542954678391188620}
  m_Material: {fileID: 0}
  m_IsTrigger: 0
  m_Enabled: 0
  serializedVersion: 2
  m_Size: {x: 0.023506137, y: 0.015496197, z: 0.015496197}
  m_Center: {x: -0.008885275, y: 0.0016583307, z: 0.00019569304}
--- !u!144 &675689501479556008
CharacterJoint:
  m_ObjectHideFlags: 0
  m_CorrespondingSourceObject: {fileID: 0}
  m_PrefabInstance: {fileID: 0}
  m_PrefabAsset: {fileID: 0}
  m_GameObject: {fileID: 542954678391188620}
  m_ConnectedBody: {fileID: 8330957206954155304}
  m_Anchor: {x: 0, y: 0, z: 0}
  m_Axis: {x: -0.28865603, y: 0.39851078, z: 0.8705557}
  m_AutoConfigureConnectedAnchor: 1
  m_ConnectedAnchor: {x: -0.037712425, y: -0.0000000023283067, z: -0.0000000074505797}
  serializedVersion: 2
  m_SwingAxis: {x: -0.5944358, y: -0.78738093, z: 0.16333511}
  m_TwistLimitSpring:
    spring: 0
    damper: 0
  m_LowTwistLimit:
    limit: -70
    bounciness: 0
    contactDistance: 0
  m_HighTwistLimit:
    limit: 70
    bounciness: 0
    contactDistance: 0
  m_SwingLimitSpring:
    spring: 0
    damper: 0
  m_Swing1Limit:
    limit: 45
    bounciness: 0
    contactDistance: 0
  m_Swing2Limit:
    limit: 20
    bounciness: 0
    contactDistance: 0
  m_EnableProjection: 1
  m_ProjectionDistance: 0.1
  m_ProjectionAngle: 180
  m_BreakForce: Infinity
  m_BreakTorque: Infinity
  m_EnableCollision: 0
  m_EnablePreprocessing: 0
  m_MassScale: 1
  m_ConnectedMassScale: 1
--- !u!1 &554070330728347229
GameObject:
  m_ObjectHideFlags: 0
  m_CorrespondingSourceObject: {fileID: 0}
  m_PrefabInstance: {fileID: 0}
  m_PrefabAsset: {fileID: 0}
  serializedVersion: 6
  m_Component:
  - component: {fileID: 6235532470300888508}
  m_Layer: 13
  m_Name: Finger_031
  m_TagString: Untagged
  m_Icon: {fileID: 0}
  m_NavMeshLayer: 0
  m_StaticEditorFlags: 0
  m_IsActive: 1
--- !u!4 &6235532470300888508
Transform:
  m_ObjectHideFlags: 0
  m_CorrespondingSourceObject: {fileID: 0}
  m_PrefabInstance: {fileID: 0}
  m_PrefabAsset: {fileID: 0}
  m_GameObject: {fileID: 554070330728347229}
  m_LocalRotation: {x: -0.018276013, y: -0.00000021581927, z: -0.000016657907, w: 0.999833}
  m_LocalPosition: {x: 0.0035133383, y: -0.000000019073488, z: 0.0000000019073487}
  m_LocalScale: {x: 1, y: 1, z: 0.9999999}
  m_Children:
  - {fileID: 241925001546578064}
  m_Father: {fileID: 3514263500744516808}
  m_RootOrder: 0
  m_LocalEulerAnglesHint: {x: 0, y: 0, z: 0}
--- !u!1 &862317500266842599
GameObject:
  m_ObjectHideFlags: 0
  m_CorrespondingSourceObject: {fileID: 0}
  m_PrefabInstance: {fileID: 0}
  m_PrefabAsset: {fileID: 0}
  serializedVersion: 6
  m_Component:
  - component: {fileID: 597112695476567938}
  m_Layer: 13
  m_Name: Eyebrows
  m_TagString: Untagged
  m_Icon: {fileID: 0}
  m_NavMeshLayer: 0
  m_StaticEditorFlags: 0
  m_IsActive: 1
--- !u!4 &597112695476567938
Transform:
  m_ObjectHideFlags: 0
  m_CorrespondingSourceObject: {fileID: 0}
  m_PrefabInstance: {fileID: 0}
  m_PrefabAsset: {fileID: 0}
  m_GameObject: {fileID: 862317500266842599}
  m_LocalRotation: {x: -4.440893e-16, y: -7.080449e-15, z: -3.144352e-30, w: 1}
  m_LocalPosition: {x: -0, y: 0.012766923, z: 0.012272219}
  m_LocalScale: {x: 0.99999994, y: 0.9999999, z: 0.99999994}
  m_Children: []
  m_Father: {fileID: 3815649953567158634}
  m_RootOrder: 0
  m_LocalEulerAnglesHint: {x: 0, y: 0, z: 0}
--- !u!1 &865629931021042157
GameObject:
  m_ObjectHideFlags: 0
  m_CorrespondingSourceObject: {fileID: 0}
  m_PrefabInstance: {fileID: 0}
  m_PrefabAsset: {fileID: 0}
  serializedVersion: 6
  m_Component:
  - component: {fileID: 7484049381145704574}
  m_Layer: 13
  m_Name: Clavicle_L
  m_TagString: Untagged
  m_Icon: {fileID: 0}
  m_NavMeshLayer: 0
  m_StaticEditorFlags: 0
  m_IsActive: 1
--- !u!4 &7484049381145704574
Transform:
  m_ObjectHideFlags: 0
  m_CorrespondingSourceObject: {fileID: 0}
  m_PrefabInstance: {fileID: 0}
  m_PrefabAsset: {fileID: 0}
  m_GameObject: {fileID: 865629931021042157}
  m_LocalRotation: {x: -0.58199316, y: 0.6107583, z: -0.35084304, w: -0.40640795}
  m_LocalPosition: {x: -0.0058011822, y: -0.0041914503, z: -0.007447154}
  m_LocalScale: {x: 1.0000002, y: 1.0000004, z: 1}
  m_Children:
  - {fileID: 7503153873448802478}
  m_Father: {fileID: 2825610905848455856}
  m_RootOrder: 0
  m_LocalEulerAnglesHint: {x: 0, y: 0, z: 0}
--- !u!1 &1118353839114428011
GameObject:
  m_ObjectHideFlags: 0
  m_CorrespondingSourceObject: {fileID: 0}
  m_PrefabInstance: {fileID: 0}
  m_PrefabAsset: {fileID: 0}
  serializedVersion: 6
  m_Component:
  - component: {fileID: 5211519131527242881}
  m_Layer: 13
  m_Name: Finger_03
  m_TagString: Untagged
  m_Icon: {fileID: 0}
  m_NavMeshLayer: 0
  m_StaticEditorFlags: 0
  m_IsActive: 1
--- !u!4 &5211519131527242881
Transform:
  m_ObjectHideFlags: 0
  m_CorrespondingSourceObject: {fileID: 0}
  m_PrefabInstance: {fileID: 0}
  m_PrefabAsset: {fileID: 0}
  m_GameObject: {fileID: 1118353839114428011}
  m_LocalRotation: {x: -0.018274779, y: -0.00000008881506, z: -0.000000017437264,
    w: 0.99983305}
  m_LocalPosition: {x: -0.0035133306, y: 0.0000000019073487, z: -0.000000007629395}
  m_LocalScale: {x: 0.9999999, y: 1, z: 1.0000001}
  m_Children:
  - {fileID: 876774224161870271}
  m_Father: {fileID: 1832128828559544721}
  m_RootOrder: 0
  m_LocalEulerAnglesHint: {x: 0, y: 0, z: 0}
--- !u!1 &1159100226900269416
GameObject:
  m_ObjectHideFlags: 0
  m_CorrespondingSourceObject: {fileID: 0}
  m_PrefabInstance: {fileID: 0}
  m_PrefabAsset: {fileID: 0}
  serializedVersion: 6
  m_Component:
  - component: {fileID: 3815649953567158634}
  - component: {fileID: 770868832304972001}
  - component: {fileID: 3527995656756819389}
  - component: {fileID: 4860983629700955741}
  m_Layer: 13
  m_Name: Head
  m_TagString: Untagged
  m_Icon: {fileID: 0}
  m_NavMeshLayer: 0
  m_StaticEditorFlags: 0
  m_IsActive: 1
--- !u!4 &3815649953567158634
Transform:
  m_ObjectHideFlags: 0
  m_CorrespondingSourceObject: {fileID: 0}
  m_PrefabInstance: {fileID: 0}
  m_PrefabAsset: {fileID: 0}
  m_GameObject: {fileID: 1159100226900269416}
  m_LocalRotation: {x: 0.47017395, y: -0.510654, z: 0.46711448, w: 0.54769796}
  m_LocalPosition: {x: -0.012164463, y: 0, z: -1.192093e-10}
  m_LocalScale: {x: 0.99999994, y: 1.0000001, z: 1.0000002}
  m_Children:
  - {fileID: 597112695476567938}
  - {fileID: 3121437861408699702}
  - {fileID: 8323899115090718398}
  m_Father: {fileID: 7307917717348319734}
  m_RootOrder: 0
  m_LocalEulerAnglesHint: {x: 0, y: 0, z: 0}
--- !u!54 &770868832304972001
Rigidbody:
  m_ObjectHideFlags: 0
  m_CorrespondingSourceObject: {fileID: 0}
  m_PrefabInstance: {fileID: 0}
  m_PrefabAsset: {fileID: 0}
  m_GameObject: {fileID: 1159100226900269416}
  serializedVersion: 2
  m_Mass: 3
  m_Drag: 0.3
  m_AngularDrag: 0.3
  m_UseGravity: 0
  m_IsKinematic: 0
  m_Interpolate: 0
  m_Constraints: 0
  m_CollisionDetection: 0
--- !u!135 &3527995656756819389
SphereCollider:
  m_ObjectHideFlags: 0
  m_CorrespondingSourceObject: {fileID: 0}
  m_PrefabInstance: {fileID: 0}
  m_PrefabAsset: {fileID: 0}
  m_GameObject: {fileID: 1159100226900269416}
  m_Material: {fileID: 0}
  m_IsTrigger: 0
  m_Enabled: 0
  serializedVersion: 2
  m_Radius: 0.02
  m_Center: {x: 0.00065628905, y: -0.00085001707, z: 0.009425857}
--- !u!144 &4860983629700955741
CharacterJoint:
  m_ObjectHideFlags: 0
  m_CorrespondingSourceObject: {fileID: 0}
  m_PrefabInstance: {fileID: 0}
  m_PrefabAsset: {fileID: 0}
  m_GameObject: {fileID: 1159100226900269416}
  m_ConnectedBody: {fileID: 2026162963808256512}
  m_Anchor: {x: 0, y: 0, z: 0}
  m_Axis: {x: 0.9961529, y: 0.05991043, z: -0.0639559}
  m_AutoConfigureConnectedAnchor: 1
  m_ConnectedAnchor: {x: -0.0415259, y: -0.0004955283, z: 0.00021669641}
  serializedVersion: 2
  m_SwingAxis: {x: 0.07291062, y: -0.97149074, z: 0.22558862}
  m_TwistLimitSpring:
    spring: 0
    damper: 0
  m_LowTwistLimit:
    limit: -45
    bounciness: 0
    contactDistance: 0
  m_HighTwistLimit:
    limit: 20
    bounciness: 0
    contactDistance: 0
  m_SwingLimitSpring:
    spring: 0
    damper: 0
  m_Swing1Limit:
    limit: 20
    bounciness: 0
    contactDistance: 0
  m_Swing2Limit:
    limit: 20
    bounciness: 0
    contactDistance: 0
  m_EnableProjection: 1
  m_ProjectionDistance: 0.1
  m_ProjectionAngle: 180
  m_BreakForce: Infinity
  m_BreakTorque: Infinity
  m_EnableCollision: 0
  m_EnablePreprocessing: 0
  m_MassScale: 1
  m_ConnectedMassScale: 1
--- !u!1 &1478293484045744111
GameObject:
  m_ObjectHideFlags: 0
  m_CorrespondingSourceObject: {fileID: 0}
  m_PrefabInstance: {fileID: 0}
  m_PrefabAsset: {fileID: 0}
  serializedVersion: 6
  m_Component:
  - component: {fileID: 4837464090809686344}
  m_Layer: 13
  m_Name: Ball_R
  m_TagString: Untagged
  m_Icon: {fileID: 0}
  m_NavMeshLayer: 0
  m_StaticEditorFlags: 0
  m_IsActive: 1
--- !u!4 &4837464090809686344
Transform:
  m_ObjectHideFlags: 0
  m_CorrespondingSourceObject: {fileID: 0}
  m_PrefabInstance: {fileID: 0}
  m_PrefabAsset: {fileID: 0}
  m_GameObject: {fileID: 1478293484045744111}
  m_LocalRotation: {x: 0.022467183, y: 0.022184804, z: -0.23445779, w: 0.9716134}
  m_LocalPosition: {x: -0.011284047, y: -0.00000001525879, z: 0.0000000038146974}
  m_LocalScale: {x: 1.0000002, y: 1, z: 1.0000001}
  m_Children:
  - {fileID: 192084945514647721}
  m_Father: {fileID: 4622617665607877858}
  m_RootOrder: 0
  m_LocalEulerAnglesHint: {x: 0, y: 0, z: 0}
--- !u!1 &2654240080031847915
GameObject:
  m_ObjectHideFlags: 0
  m_CorrespondingSourceObject: {fileID: 0}
  m_PrefabInstance: {fileID: 0}
  m_PrefabAsset: {fileID: 0}
  serializedVersion: 6
  m_Component:
  - component: {fileID: 7113564000573119277}
  - component: {fileID: 861538889692732826}
  - component: {fileID: 1119625467844241497}
  - component: {fileID: 6493069531363711273}
  m_Layer: 13
  m_Name: Hand_R
  m_TagString: Untagged
  m_Icon: {fileID: 0}
  m_NavMeshLayer: 0
  m_StaticEditorFlags: 0
  m_IsActive: 1
--- !u!4 &7113564000573119277
Transform:
  m_ObjectHideFlags: 0
  m_CorrespondingSourceObject: {fileID: 0}
  m_PrefabInstance: {fileID: 0}
  m_PrefabAsset: {fileID: 0}
  m_GameObject: {fileID: 2654240080031847915}
  m_LocalRotation: {x: 0.34984517, y: 0.16653578, z: 0.015839746, w: 0.9217501}
  m_LocalPosition: {x: 0.027114486, y: -0.000000019073488, z: 0.000038139344}
  m_LocalScale: {x: 0.99999976, y: 1, z: 0.99999994}
  m_Children:
  - {fileID: 2489184215751241403}
  - {fileID: 3957430223176313474}
  - {fileID: 5887121305537193308}
  m_Father: {fileID: 8877050485822937424}
  m_RootOrder: 0
  m_LocalEulerAnglesHint: {x: 0, y: 0, z: 0}
--- !u!54 &861538889692732826
Rigidbody:
  m_ObjectHideFlags: 0
  m_CorrespondingSourceObject: {fileID: 0}
  m_PrefabInstance: {fileID: 0}
  m_PrefabAsset: {fileID: 0}
  m_GameObject: {fileID: 2654240080031847915}
  serializedVersion: 2
  m_Mass: 0.59999996
  m_Drag: 0.3
  m_AngularDrag: 0.3
  m_UseGravity: 0
  m_IsKinematic: 0
  m_Interpolate: 0
  m_Constraints: 0
  m_CollisionDetection: 0
--- !u!65 &1119625467844241497
BoxCollider:
  m_ObjectHideFlags: 0
  m_CorrespondingSourceObject: {fileID: 0}
  m_PrefabInstance: {fileID: 0}
  m_PrefabAsset: {fileID: 0}
  m_GameObject: {fileID: 2654240080031847915}
  m_Material: {fileID: 0}
  m_IsTrigger: 0
  m_Enabled: 0
  serializedVersion: 2
  m_Size: {x: 0.027424049, y: 0.012205791, z: 0.012205791}
  m_Center: {x: 0.010394353, y: 0.0017838936, z: 0.000171321}
--- !u!144 &6493069531363711273
CharacterJoint:
  m_ObjectHideFlags: 0
  m_CorrespondingSourceObject: {fileID: 0}
  m_PrefabInstance: {fileID: 0}
  m_PrefabAsset: {fileID: 0}
  m_GameObject: {fileID: 2654240080031847915}
  m_ConnectedBody: {fileID: 3414718234421220288}
  m_Anchor: {x: 0, y: 0, z: 0}
  m_Axis: {x: 0.027051553, y: -0.16935883, z: 0.12218991}
  m_AutoConfigureConnectedAnchor: 1
  m_ConnectedAnchor: {x: 0.027114496, y: -0.0000000125728565, z: 0.000038125785}
  serializedVersion: 2
  m_SwingAxis: {x: 0.16954546, y: -0.55867356, z: -0.8118738}
  m_TwistLimitSpring:
    spring: 0
    damper: 0
  m_LowTwistLimit:
    limit: -90
    bounciness: 0
    contactDistance: 0
  m_HighTwistLimit:
    limit: 90
    bounciness: 0
    contactDistance: 0
  m_SwingLimitSpring:
    spring: 0
    damper: 0
  m_Swing1Limit:
    limit: 90
    bounciness: 0
    contactDistance: 0
  m_Swing2Limit:
    limit: 45
    bounciness: 0
    contactDistance: 0
  m_EnableProjection: 1
  m_ProjectionDistance: 0.1
  m_ProjectionAngle: 180
  m_BreakForce: Infinity
  m_BreakTorque: Infinity
  m_EnableCollision: 0
  m_EnablePreprocessing: 0
  m_MassScale: 1
  m_ConnectedMassScale: 1
--- !u!1 &2681804287376121452
GameObject:
  m_ObjectHideFlags: 0
  m_CorrespondingSourceObject: {fileID: 0}
  m_PrefabInstance: {fileID: 0}
  m_PrefabAsset: {fileID: 0}
  serializedVersion: 6
  m_Component:
  - component: {fileID: 1952953161167129897}
  m_Layer: 13
  m_Name: Thumb_021
  m_TagString: Untagged
  m_Icon: {fileID: 0}
  m_NavMeshLayer: 0
  m_StaticEditorFlags: 0
  m_IsActive: 1
--- !u!4 &1952953161167129897
Transform:
  m_ObjectHideFlags: 0
  m_CorrespondingSourceObject: {fileID: 0}
  m_PrefabInstance: {fileID: 0}
  m_PrefabAsset: {fileID: 0}
  m_GameObject: {fileID: 2681804287376121452}
  m_LocalRotation: {x: -0.040942658, y: -0.04635252, z: -0.0033070163, w: 0.99808025}
  m_LocalPosition: {x: 0.0063701575, y: -0.0000008106232, z: 0.000000047683717}
  m_LocalScale: {x: 1, y: 1, z: 0.99999994}
  m_Children:
  - {fileID: 2911185115771022169}
  m_Father: {fileID: 5887121305537193308}
  m_RootOrder: 0
  m_LocalEulerAnglesHint: {x: 0, y: 0, z: 0}
--- !u!1 &2682662384467179249
GameObject:
  m_ObjectHideFlags: 0
  m_CorrespondingSourceObject: {fileID: 0}
  m_PrefabInstance: {fileID: 0}
  m_PrefabAsset: {fileID: 0}
  serializedVersion: 6
  m_Component:
  - component: {fileID: 8323899115090718398}
  m_Layer: 13
  m_Name: Jaw
  m_TagString: Untagged
  m_Icon: {fileID: 0}
  m_NavMeshLayer: 0
  m_StaticEditorFlags: 0
  m_IsActive: 1
--- !u!4 &8323899115090718398
Transform:
  m_ObjectHideFlags: 0
  m_CorrespondingSourceObject: {fileID: 0}
  m_PrefabInstance: {fileID: 0}
  m_PrefabAsset: {fileID: 0}
  m_GameObject: {fileID: 2682662384467179249}
  m_LocalRotation: {x: 0.0878638, y: 0.12331331, z: -0.018477418, w: 0.9882977}
  m_LocalPosition: {x: -0.000004592419, y: 0.006247513, z: 0.0021639997}
  m_LocalScale: {x: 1, y: 0.9999999, z: 1}
  m_Children: []
  m_Father: {fileID: 3815649953567158634}
  m_RootOrder: 2
  m_LocalEulerAnglesHint: {x: 0, y: 0, z: 0}
--- !u!1 &2682783416056899189
GameObject:
  m_ObjectHideFlags: 0
  m_CorrespondingSourceObject: {fileID: 0}
  m_PrefabInstance: {fileID: 0}
  m_PrefabAsset: {fileID: 0}
  serializedVersion: 6
  m_Component:
  - component: {fileID: 1381423924592721929}
  - component: {fileID: 6844269418281796613}
  - component: {fileID: 1354280798409246057}
  m_Layer: 13
  m_Name: Hips
  m_TagString: Untagged
  m_Icon: {fileID: 0}
  m_NavMeshLayer: 0
  m_StaticEditorFlags: 0
  m_IsActive: 1
--- !u!4 &1381423924592721929
Transform:
  m_ObjectHideFlags: 0
  m_CorrespondingSourceObject: {fileID: 0}
  m_PrefabInstance: {fileID: 0}
  m_PrefabAsset: {fileID: 0}
  m_GameObject: {fileID: 2682783416056899189}
  m_LocalRotation: {x: 0.46113643, y: -0.53605336, z: -0.46113643, w: 0.53605336}
  m_LocalPosition: {x: 4.4703484e-11, y: 0.087627634, z: -9.536744e-10}
  m_LocalScale: {x: 1.0000001, y: 1, z: 1}
  m_Children:
  - {fileID: 6814122254996780105}
  - {fileID: 1786020101114357264}
  - {fileID: 6034316726292609391}
  m_Father: {fileID: 2095902133183172501}
  m_RootOrder: 0
  m_LocalEulerAnglesHint: {x: 0, y: 0, z: 0}
--- !u!54 &6844269418281796613
Rigidbody:
  m_ObjectHideFlags: 0
  m_CorrespondingSourceObject: {fileID: 0}
  m_PrefabInstance: {fileID: 0}
  m_PrefabAsset: {fileID: 0}
  m_GameObject: {fileID: 2682783416056899189}
  serializedVersion: 2
  m_Mass: 12
  m_Drag: 0.3
  m_AngularDrag: 0.3
  m_UseGravity: 0
  m_IsKinematic: 0
  m_Interpolate: 0
  m_Constraints: 0
  m_CollisionDetection: 0
--- !u!65 &1354280798409246057
BoxCollider:
  m_ObjectHideFlags: 0
  m_CorrespondingSourceObject: {fileID: 0}
  m_PrefabInstance: {fileID: 0}
  m_PrefabAsset: {fileID: 0}
  m_GameObject: {fileID: 2682783416056899189}
  m_Material: {fileID: 0}
  m_IsTrigger: 0
  m_Enabled: 0
  serializedVersion: 2
  m_Size: {x: 0.031324558, y: 0.029449308, z: 0.03219488}
  m_Center: {x: -0.0008778515, y: 0.0060158675, z: -0.00019677682}
--- !u!1 &2719779367802869842
GameObject:
  m_ObjectHideFlags: 0
  m_CorrespondingSourceObject: {fileID: 0}
  m_PrefabInstance: {fileID: 0}
  m_PrefabAsset: {fileID: 0}
  serializedVersion: 6
  m_Component:
  - component: {fileID: 6034316726292609391}
  - component: {fileID: 6351949036195238401}
  - component: {fileID: 7218640624596284649}
  - component: {fileID: 8183333907546608983}
  m_Layer: 13
  m_Name: UpperLeg_R
  m_TagString: Untagged
  m_Icon: {fileID: 0}
  m_NavMeshLayer: 0
  m_StaticEditorFlags: 0
  m_IsActive: 1
--- !u!4 &6034316726292609391
Transform:
  m_ObjectHideFlags: 0
  m_CorrespondingSourceObject: {fileID: 0}
  m_PrefabInstance: {fileID: 0}
  m_PrefabAsset: {fileID: 0}
  m_GameObject: {fileID: 2719779367802869842}
  m_LocalRotation: {x: 0.069274575, y: -0.65461355, z: 0.7521527, w: 0.03079972}
  m_LocalPosition: {x: 0.0041157682, y: -0.00269207, z: -0.009896706}
  m_LocalScale: {x: 1, y: 0.9999999, z: 1}
  m_Children:
  - {fileID: 8780220091697230794}
  m_Father: {fileID: 1381423924592721929}
  m_RootOrder: 2
  m_LocalEulerAnglesHint: {x: 0, y: 0, z: 0}
--- !u!54 &6351949036195238401
Rigidbody:
  m_ObjectHideFlags: 0
  m_CorrespondingSourceObject: {fileID: 0}
  m_PrefabInstance: {fileID: 0}
  m_PrefabAsset: {fileID: 0}
  m_GameObject: {fileID: 2719779367802869842}
  serializedVersion: 2
  m_Mass: 6
  m_Drag: 0.3
  m_AngularDrag: 0.3
  m_UseGravity: 0
  m_IsKinematic: 0
  m_Interpolate: 0
  m_Constraints: 0
  m_CollisionDetection: 0
--- !u!136 &7218640624596284649
CapsuleCollider:
  m_ObjectHideFlags: 0
  m_CorrespondingSourceObject: {fileID: 0}
  m_PrefabInstance: {fileID: 0}
  m_PrefabAsset: {fileID: 0}
  m_GameObject: {fileID: 2719779367802869842}
  m_Material: {fileID: 0}
  m_IsTrigger: 0
  m_Enabled: 0
  m_Radius: 0.009297718
  m_Height: 0.03993092
  m_Direction: 0
  m_Center: {x: -0.01996546, y: -0.000000007334166, z: 4.656613e-10}
--- !u!144 &8183333907546608983
CharacterJoint:
  m_ObjectHideFlags: 0
  m_CorrespondingSourceObject: {fileID: 0}
  m_PrefabInstance: {fileID: 0}
  m_PrefabAsset: {fileID: 0}
  m_GameObject: {fileID: 2719779367802869842}
  m_ConnectedBody: {fileID: 6844269418281796613}
  m_Anchor: {x: 0, y: 0, z: 0}
  m_Axis: {x: -0.16504097, y: 0.9809224, z: -0.102728486}
  m_AutoConfigureConnectedAnchor: 1
  m_ConnectedAnchor: {x: 0.004115756, y: -0.0026920715, z: -0.009896703}
  serializedVersion: 2
  m_SwingAxis: {x: -0.9839002, y: -0.15650386, z: 0.086301826}
  m_TwistLimitSpring:
    spring: 0
    damper: 0
  m_LowTwistLimit:
    limit: -10
    bounciness: 0
    contactDistance: 0
  m_HighTwistLimit:
    limit: 120
    bounciness: 0
    contactDistance: 0
  m_SwingLimitSpring:
    spring: 0
    damper: 0
  m_Swing1Limit:
    limit: 90
    bounciness: 0
    contactDistance: 0
  m_Swing2Limit:
    limit: 20
    bounciness: 0
    contactDistance: 0
  m_EnableProjection: 1
  m_ProjectionDistance: 0.1
  m_ProjectionAngle: 180
  m_BreakForce: Infinity
  m_BreakTorque: Infinity
  m_EnableCollision: 0
  m_EnablePreprocessing: 0
  m_MassScale: 1
  m_ConnectedMassScale: 1
--- !u!1 &2882077524976023874
GameObject:
  m_ObjectHideFlags: 0
  m_CorrespondingSourceObject: {fileID: 0}
  m_PrefabInstance: {fileID: 0}
  m_PrefabAsset: {fileID: 0}
  serializedVersion: 6
  m_Component:
  - component: {fileID: 4749382363444054539}
  - component: {fileID: 6893389070332920190}
  - component: {fileID: 3927710702191974684}
  - component: {fileID: 8105835813723494131}
  m_Layer: 13
  m_Name: LowerLeg_L
  m_TagString: Untagged
  m_Icon: {fileID: 0}
  m_NavMeshLayer: 0
  m_StaticEditorFlags: 0
  m_IsActive: 1
--- !u!4 &4749382363444054539
Transform:
  m_ObjectHideFlags: 0
  m_CorrespondingSourceObject: {fileID: 0}
  m_PrefabInstance: {fileID: 0}
  m_PrefabAsset: {fileID: 0}
  m_GameObject: {fileID: 2882077524976023874}
  m_LocalRotation: {x: 0.5862084, y: 0.12079335, z: -0.06842917, w: 0.7981767}
  m_LocalPosition: {x: 0.039930932, y: -0.000000036716465, z: 0}
  m_LocalScale: {x: 1, y: 1.0000001, z: 1}
  m_Children:
  - {fileID: 6719967015940194642}
  m_Father: {fileID: 1786020101114357264}
  m_RootOrder: 0
  m_LocalEulerAnglesHint: {x: 0, y: 0, z: 0}
--- !u!54 &6893389070332920190
Rigidbody:
  m_ObjectHideFlags: 0
  m_CorrespondingSourceObject: {fileID: 0}
  m_PrefabInstance: {fileID: 0}
  m_PrefabAsset: {fileID: 0}
  m_GameObject: {fileID: 2882077524976023874}
  serializedVersion: 2
  m_Mass: 4.5
  m_Drag: 0.3
  m_AngularDrag: 0.3
  m_UseGravity: 0
  m_IsKinematic: 0
  m_Interpolate: 0
  m_Constraints: 0
  m_CollisionDetection: 0
--- !u!136 &3927710702191974684
CapsuleCollider:
  m_ObjectHideFlags: 0
  m_CorrespondingSourceObject: {fileID: 0}
  m_PrefabInstance: {fileID: 0}
  m_PrefabAsset: {fileID: 0}
  m_GameObject: {fileID: 2882077524976023874}
  m_Material: {fileID: 0}
  m_IsTrigger: 0
  m_Enabled: 0
  m_Radius: 0.009227039
  m_Height: 0.037712328
  m_Direction: 0
  m_Center: {x: 0.018856164, y: 0.000000007916241, z: -0.00000004726462}
--- !u!144 &8105835813723494131
CharacterJoint:
  m_ObjectHideFlags: 0
  m_CorrespondingSourceObject: {fileID: 0}
  m_PrefabInstance: {fileID: 0}
  m_PrefabAsset: {fileID: 0}
  m_GameObject: {fileID: 2882077524976023874}
  m_ConnectedBody: {fileID: 1734193153892617444}
  m_Anchor: {x: 0, y: 0, z: 0}
  m_Axis: {x: -0.065439835, y: 0.061611712, z: -0.9959526}
  m_AutoConfigureConnectedAnchor: 1
  m_ConnectedAnchor: {x: 0.039930943, y: -0.0000000530854, z: 0.000000007450581}
  serializedVersion: 2
  m_SwingAxis: {x: 0.9909721, y: 0.12105405, z: -0.057623945}
  m_TwistLimitSpring:
    spring: 0
    damper: 0
  m_LowTwistLimit:
    limit: -120
    bounciness: 0
    contactDistance: 0
  m_HighTwistLimit:
    limit: 0
    bounciness: 0
    contactDistance: 0
  m_SwingLimitSpring:
    spring: 0
    damper: 0
  m_Swing1Limit:
    limit: 10
    bounciness: 0
    contactDistance: 0
  m_Swing2Limit:
    limit: 20
    bounciness: 0
    contactDistance: 0
  m_EnableProjection: 1
  m_ProjectionDistance: 0.1
  m_ProjectionAngle: 180
  m_BreakForce: Infinity
  m_BreakTorque: Infinity
  m_EnableCollision: 0
  m_EnablePreprocessing: 0
  m_MassScale: 1
  m_ConnectedMassScale: 1
--- !u!1 &3048604289264875020
GameObject:
  m_ObjectHideFlags: 0
  m_CorrespondingSourceObject: {fileID: 0}
  m_PrefabInstance: {fileID: 0}
  m_PrefabAsset: {fileID: 0}
  serializedVersion: 6
  m_Component:
  - component: {fileID: 7124466160862285554}
  - component: {fileID: 2026162963808256512}
  - component: {fileID: 3819803405805443590}
  - component: {fileID: 3369469559207628251}
  m_Layer: 13
  m_Name: Spine_02
  m_TagString: Untagged
  m_Icon: {fileID: 0}
  m_NavMeshLayer: 0
  m_StaticEditorFlags: 0
  m_IsActive: 1
--- !u!4 &7124466160862285554
Transform:
  m_ObjectHideFlags: 0
  m_CorrespondingSourceObject: {fileID: 0}
  m_PrefabInstance: {fileID: 0}
  m_PrefabAsset: {fileID: 0}
  m_GameObject: {fileID: 3048604289264875020}
  m_LocalRotation: {x: 0.9992896, y: -0.028551597, z: -0.010211751, w: -0.022382017}
  m_LocalPosition: {x: -0.018151177, y: -4.768372e-10, z: 2.2351743e-10}
  m_LocalScale: {x: 1.0000001, y: 1.0000001, z: 1}
  m_Children:
  - {fileID: 2825610905848455856}
  m_Father: {fileID: 6814122254996780105}
  m_RootOrder: 0
  m_LocalEulerAnglesHint: {x: 0, y: 0, z: 0}
--- !u!54 &2026162963808256512
Rigidbody:
  m_ObjectHideFlags: 0
  m_CorrespondingSourceObject: {fileID: 0}
  m_PrefabInstance: {fileID: 0}
  m_PrefabAsset: {fileID: 0}
  m_GameObject: {fileID: 3048604289264875020}
  serializedVersion: 2
  m_Mass: 12
  m_Drag: 0.3
  m_AngularDrag: 0.3
  m_UseGravity: 0
  m_IsKinematic: 0
  m_Interpolate: 0
  m_Constraints: 0
  m_CollisionDetection: 0
--- !u!65 &3819803405805443590
BoxCollider:
  m_ObjectHideFlags: 0
  m_CorrespondingSourceObject: {fileID: 0}
  m_PrefabInstance: {fileID: 0}
  m_PrefabAsset: {fileID: 0}
  m_GameObject: {fileID: 3048604289264875020}
  m_Material: {fileID: 0}
  m_IsTrigger: 0
  m_Enabled: 0
  serializedVersion: 2
  m_Size: {x: 0.020783529, y: 0.03546863, z: 0.037496977}
  m_Center: {x: -0.009533941, y: 0.032880906, z: -0.0029830565}
--- !u!144 &3369469559207628251
CharacterJoint:
  m_ObjectHideFlags: 0
  m_CorrespondingSourceObject: {fileID: 0}
  m_PrefabInstance: {fileID: 0}
  m_PrefabAsset: {fileID: 0}
  m_GameObject: {fileID: 3048604289264875020}
  m_ConnectedBody: {fileID: 6844269418281796613}
  m_Anchor: {x: 0, y: 0, z: 0}
  m_Axis: {x: -0.004335625, y: -0.09159798, z: -0.9957868}
  m_AutoConfigureConnectedAnchor: 1
  m_ConnectedAnchor: {x: -0.027889185, y: 0.0048301294, z: -0.0001673493}
  serializedVersion: 2
  m_SwingAxis: {x: 0.981287, y: 0.19130552, z: -0.021869829}
  m_TwistLimitSpring:
    spring: 0
    damper: 0
  m_LowTwistLimit:
    limit: -45
    bounciness: 0
    contactDistance: 0
  m_HighTwistLimit:
    limit: 20
    bounciness: 0
    contactDistance: 0
  m_SwingLimitSpring:
    spring: 0
    damper: 0
  m_Swing1Limit:
    limit: 20
    bounciness: 0
    contactDistance: 0
  m_Swing2Limit:
    limit: 20
    bounciness: 0
    contactDistance: 0
  m_EnableProjection: 1
  m_ProjectionDistance: 0.1
  m_ProjectionAngle: 180
  m_BreakForce: Infinity
  m_BreakTorque: Infinity
  m_EnableCollision: 0
  m_EnablePreprocessing: 0
  m_MassScale: 1
  m_ConnectedMassScale: 1
--- !u!1 &3155829404522115068
GameObject:
  m_ObjectHideFlags: 0
  m_CorrespondingSourceObject: {fileID: 0}
  m_PrefabInstance: {fileID: 0}
  m_PrefabAsset: {fileID: 0}
  serializedVersion: 6
  m_Component:
  - component: {fileID: 8780220091697230794}
  - component: {fileID: 8330957206954155304}
  - component: {fileID: 3895525438514715354}
  - component: {fileID: 5847724543202178141}
  m_Layer: 13
  m_Name: LowerLeg_R
  m_TagString: Untagged
  m_Icon: {fileID: 0}
  m_NavMeshLayer: 0
  m_StaticEditorFlags: 0
  m_IsActive: 1
--- !u!4 &8780220091697230794
Transform:
  m_ObjectHideFlags: 0
  m_CorrespondingSourceObject: {fileID: 0}
  m_PrefabInstance: {fileID: 0}
  m_PrefabAsset: {fileID: 0}
  m_GameObject: {fileID: 3155829404522115068}
  m_LocalRotation: {x: 0.5682478, y: 0.05928568, z: -0.025804862, w: 0.8203132}
  m_LocalPosition: {x: -0.0399309, y: 9.536744e-10, z: -4.768372e-10}
  m_LocalScale: {x: 1, y: 0.9999999, z: 1.0000001}
  m_Children:
  - {fileID: 4622617665607877858}
  m_Father: {fileID: 6034316726292609391}
  m_RootOrder: 0
  m_LocalEulerAnglesHint: {x: 0, y: 0, z: 0}
--- !u!54 &8330957206954155304
Rigidbody:
  m_ObjectHideFlags: 0
  m_CorrespondingSourceObject: {fileID: 0}
  m_PrefabInstance: {fileID: 0}
  m_PrefabAsset: {fileID: 0}
  m_GameObject: {fileID: 3155829404522115068}
  serializedVersion: 2
  m_Mass: 4.5
  m_Drag: 0.3
  m_AngularDrag: 0.3
  m_UseGravity: 0
  m_IsKinematic: 0
  m_Interpolate: 0
  m_Constraints: 0
  m_CollisionDetection: 0
--- !u!136 &3895525438514715354
CapsuleCollider:
  m_ObjectHideFlags: 0
  m_CorrespondingSourceObject: {fileID: 0}
  m_PrefabInstance: {fileID: 0}
  m_PrefabAsset: {fileID: 0}
  m_GameObject: {fileID: 3155829404522115068}
  m_Material: {fileID: 0}
  m_IsTrigger: 0
  m_Enabled: 0
  m_Radius: 0.009297718
  m_Height: 0.037712425
  m_Direction: 0
  m_Center: {x: -0.018856212, y: -0.0000000011641533, z: -0.0000000037252899}
--- !u!144 &5847724543202178141
CharacterJoint:
  m_ObjectHideFlags: 0
  m_CorrespondingSourceObject: {fileID: 0}
  m_PrefabInstance: {fileID: 0}
  m_PrefabAsset: {fileID: 0}
  m_GameObject: {fileID: 3155829404522115068}
  m_ConnectedBody: {fileID: 6351949036195238401}
  m_Anchor: {x: 0, y: 0, z: 0}
  m_Axis: {x: -0.12609228, y: 0.23256046, z: -0.96437377}
  m_AutoConfigureConnectedAnchor: 1
  m_ConnectedAnchor: {x: -0.03993092, y: -0.000000014668332, z: 9.313226e-10}
  serializedVersion: 2
  m_SwingAxis: {x: -0.99051774, y: -0.08297756, z: 0.10950038}
  m_TwistLimitSpring:
    spring: 0
    damper: 0
  m_LowTwistLimit:
    limit: -120
    bounciness: 0
    contactDistance: 0
  m_HighTwistLimit:
    limit: 0
    bounciness: 0
    contactDistance: 0
  m_SwingLimitSpring:
    spring: 0
    damper: 0
  m_Swing1Limit:
    limit: 10
    bounciness: 0
    contactDistance: 0
  m_Swing2Limit:
    limit: 20
    bounciness: 0
    contactDistance: 0
  m_EnableProjection: 1
  m_ProjectionDistance: 0.1
  m_ProjectionAngle: 180
  m_BreakForce: Infinity
  m_BreakTorque: Infinity
  m_EnableCollision: 0
  m_EnablePreprocessing: 0
  m_MassScale: 1
  m_ConnectedMassScale: 1
--- !u!1 &3179948439857793556
GameObject:
  m_ObjectHideFlags: 0
  m_CorrespondingSourceObject: {fileID: 0}
  m_PrefabInstance: {fileID: 0}
  m_PrefabAsset: {fileID: 0}
  serializedVersion: 6
  m_Component:
  - component: {fileID: 3121437861408699702}
  m_Layer: 13
  m_Name: Eyes
  m_TagString: Untagged
  m_Icon: {fileID: 0}
  m_NavMeshLayer: 0
  m_StaticEditorFlags: 0
  m_IsActive: 1
--- !u!4 &3121437861408699702
Transform:
  m_ObjectHideFlags: 0
  m_CorrespondingSourceObject: {fileID: 0}
  m_PrefabInstance: {fileID: 0}
  m_PrefabAsset: {fileID: 0}
  m_GameObject: {fileID: 3179948439857793556}
  m_LocalRotation: {x: -4.440893e-16, y: -7.080449e-15, z: -3.144352e-30, w: 1}
  m_LocalPosition: {x: -4.768372e-10, y: 0.009447602, z: 0.012272212}
  m_LocalScale: {x: 0.99999994, y: 0.9999999, z: 0.99999994}
  m_Children: []
  m_Father: {fileID: 3815649953567158634}
  m_RootOrder: 1
  m_LocalEulerAnglesHint: {x: 0, y: 0, z: 0}
--- !u!1 &3623721934825698642
GameObject:
  m_ObjectHideFlags: 0
  m_CorrespondingSourceObject: {fileID: 0}
  m_PrefabInstance: {fileID: 0}
  m_PrefabAsset: {fileID: 0}
  serializedVersion: 6
  m_Component:
  - component: {fileID: 1602531347631178712}
  m_Layer: 13
  m_Name: IndexFinger_031
  m_TagString: Untagged
  m_Icon: {fileID: 0}
  m_NavMeshLayer: 0
  m_StaticEditorFlags: 0
  m_IsActive: 1
--- !u!4 &1602531347631178712
Transform:
  m_ObjectHideFlags: 0
  m_CorrespondingSourceObject: {fileID: 0}
  m_PrefabInstance: {fileID: 0}
  m_PrefabAsset: {fileID: 0}
  m_GameObject: {fileID: 3623721934825698642}
  m_LocalRotation: {x: -0.0069253407, y: 0.0000001813344, z: 0.00010572029, w: 0.99997604}
  m_LocalPosition: {x: 0.003791216, y: 0.0000003204346, z: -0.0000000038146974}
  m_LocalScale: {x: 1, y: 1.0000001, z: 1.0000001}
  m_Children:
  - {fileID: 7173211577335195139}
  m_Father: {fileID: 6724900449240567008}
  m_RootOrder: 0
  m_LocalEulerAnglesHint: {x: 0, y: 0, z: 0}
--- !u!1 &3662820105289274236
GameObject:
  m_ObjectHideFlags: 0
  m_CorrespondingSourceObject: {fileID: 0}
  m_PrefabInstance: {fileID: 0}
  m_PrefabAsset: {fileID: 0}
  serializedVersion: 6
  m_Component:
  - component: {fileID: 8877050485822937424}
  - component: {fileID: 3414718234421220288}
  - component: {fileID: 6911679735684463526}
  - component: {fileID: 6797322309884103353}
  m_Layer: 13
  m_Name: Elbow_R
  m_TagString: Untagged
  m_Icon: {fileID: 0}
  m_NavMeshLayer: 0
  m_StaticEditorFlags: 0
  m_IsActive: 1
--- !u!4 &8877050485822937424
Transform:
  m_ObjectHideFlags: 0
  m_CorrespondingSourceObject: {fileID: 0}
  m_PrefabInstance: {fileID: 0}
  m_PrefabAsset: {fileID: 0}
  m_GameObject: {fileID: 3662820105289274236}
  m_LocalRotation: {x: -0.58043385, y: -0.0357684, z: -0.00096391357, w: 0.8135209}
  m_LocalPosition: {x: 0.033947457, y: 0.00014478684, z: 0.00014362717}
  m_LocalScale: {x: 1.0000001, y: 0.99999994, z: 1}
  m_Children:
  - {fileID: 7113564000573119277}
  m_Father: {fileID: 6575229569100426489}
  m_RootOrder: 0
  m_LocalEulerAnglesHint: {x: 0, y: 0, z: 0}
--- !u!54 &3414718234421220288
Rigidbody:
  m_ObjectHideFlags: 0
  m_CorrespondingSourceObject: {fileID: 0}
  m_PrefabInstance: {fileID: 0}
  m_PrefabAsset: {fileID: 0}
  m_GameObject: {fileID: 3662820105289274236}
  serializedVersion: 2
  m_Mass: 1.5
  m_Drag: 0.3
  m_AngularDrag: 0.3
  m_UseGravity: 0
  m_IsKinematic: 0
  m_Interpolate: 0
  m_Constraints: 0
  m_CollisionDetection: 0
--- !u!136 &6911679735684463526
CapsuleCollider:
  m_ObjectHideFlags: 0
  m_CorrespondingSourceObject: {fileID: 0}
  m_PrefabInstance: {fileID: 0}
  m_PrefabAsset: {fileID: 0}
  m_GameObject: {fileID: 3662820105289274236}
  m_Material: {fileID: 0}
  m_IsTrigger: 0
  m_Enabled: 0
  m_Radius: 0.007323474
  m_Height: 0.027114522
  m_Direction: 0
  m_Center: {x: 0.013557248, y: -0.0000000062864283, z: 0.000019062893}
--- !u!144 &6797322309884103353
CharacterJoint:
  m_ObjectHideFlags: 0
  m_CorrespondingSourceObject: {fileID: 0}
  m_PrefabInstance: {fileID: 0}
  m_PrefabAsset: {fileID: 0}
  m_GameObject: {fileID: 3662820105289274236}
  m_ConnectedBody: {fileID: 4783810949453853720}
  m_Anchor: {x: 0, y: 0, z: 0}
  m_Axis: {x: 0.000046713278, y: -0.26608327, z: -0.033186495}
  m_AutoConfigureConnectedAnchor: 1
  m_ConnectedAnchor: {x: 0.033947434, y: 0.0001447685, z: 0.00014363231}
  serializedVersion: 2
  m_SwingAxis: {x: -0.14697929, y: 0.122393906, z: -0.9815384}
  m_TwistLimitSpring:
    spring: 0
    damper: 0
  m_LowTwistLimit:
    limit: 0
    bounciness: 0
    contactDistance: 0
  m_HighTwistLimit:
    limit: 120
    bounciness: 0
    contactDistance: 0
  m_SwingLimitSpring:
    spring: 0
    damper: 0
  m_Swing1Limit:
    limit: 10
    bounciness: 0
    contactDistance: 0
  m_Swing2Limit:
    limit: 90
    bounciness: 0
    contactDistance: 0
  m_EnableProjection: 1
  m_ProjectionDistance: 0.1
  m_ProjectionAngle: 180
  m_BreakForce: Infinity
  m_BreakTorque: Infinity
  m_EnableCollision: 0
  m_EnablePreprocessing: 0
  m_MassScale: 1
  m_ConnectedMassScale: 1
--- !u!1 &3921557686730606162
GameObject:
  m_ObjectHideFlags: 0
  m_CorrespondingSourceObject: {fileID: 0}
  m_PrefabInstance: {fileID: 0}
  m_PrefabAsset: {fileID: 0}
  serializedVersion: 6
  m_Component:
  - component: {fileID: 2095902133183172501}
  m_Layer: 13
  m_Name: Root
  m_TagString: Untagged
  m_Icon: {fileID: 0}
  m_NavMeshLayer: 0
  m_StaticEditorFlags: 0
  m_IsActive: 1
--- !u!4 &2095902133183172501
Transform:
  m_ObjectHideFlags: 0
  m_CorrespondingSourceObject: {fileID: 0}
  m_PrefabInstance: {fileID: 0}
  m_PrefabAsset: {fileID: 0}
  m_GameObject: {fileID: 3921557686730606162}
  m_LocalRotation: {x: -0.6595674, y: -0.0010180605, z: 0.018406136, w: 0.75141937}
  m_LocalPosition: {x: 0.022996979, y: -0.03147182, z: 0.89896154}
  m_LocalScale: {x: 10, y: 10.000001, z: 10}
  m_Children:
  - {fileID: 1381423924592721929}
  m_Father: {fileID: 8928211319979065007}
  m_RootOrder: 0
  m_LocalEulerAnglesHint: {x: 0, y: 0, z: 0}
--- !u!1 &4281591335497487755
GameObject:
  m_ObjectHideFlags: 0
  m_CorrespondingSourceObject: {fileID: 0}
  m_PrefabInstance: {fileID: 0}
  m_PrefabAsset: {fileID: 0}
  serializedVersion: 6
  m_Component:
  - component: {fileID: 7730114218064228848}
  - component: {fileID: 7456084534398145868}
  m_Layer: 13
  m_Name: SM_Chr_Business_Male_01
  m_TagString: Untagged
  m_Icon: {fileID: 0}
  m_NavMeshLayer: 0
  m_StaticEditorFlags: 0
  m_IsActive: 1
--- !u!4 &7730114218064228848
Transform:
  m_ObjectHideFlags: 0
  m_CorrespondingSourceObject: {fileID: 0}
  m_PrefabInstance: {fileID: 0}
  m_PrefabAsset: {fileID: 0}
  m_GameObject: {fileID: 4281591335497487755}
  m_LocalRotation: {x: 0, y: -0, z: -0, w: 1}
  m_LocalPosition: {x: -0, y: 0, z: 0}
  m_LocalScale: {x: 10, y: 10, z: 10}
  m_Children: []
  m_Father: {fileID: 8928211319979065007}
  m_RootOrder: 1
  m_LocalEulerAnglesHint: {x: 0, y: 0, z: 0}
--- !u!137 &7456084534398145868
SkinnedMeshRenderer:
  m_ObjectHideFlags: 0
  m_CorrespondingSourceObject: {fileID: 0}
  m_PrefabInstance: {fileID: 0}
  m_PrefabAsset: {fileID: 0}
  m_GameObject: {fileID: 4281591335497487755}
  m_Enabled: 1
  m_CastShadows: 1
  m_ReceiveShadows: 1
  m_DynamicOccludee: 1
  m_MotionVectors: 1
  m_LightProbeUsage: 1
  m_ReflectionProbeUsage: 1
  m_RayTracingMode: 0
  m_RenderingLayerMask: 1
  m_RendererPriority: 0
  m_Materials:
  - {fileID: 8290782892783832528, guid: 07879178500a8a74daf17edededf6452, type: 3}
  m_StaticBatchInfo:
    firstSubMesh: 0
    subMeshCount: 0
  m_StaticBatchRoot: {fileID: 0}
  m_ProbeAnchor: {fileID: 0}
  m_LightProbeVolumeOverride: {fileID: 0}
  m_ScaleInLightmap: 1
  m_ReceiveGI: 1
  m_PreserveUVs: 0
  m_IgnoreNormalsForChartDetection: 0
  m_ImportantGI: 0
  m_StitchLightmapSeams: 1
  m_SelectedEditorRenderState: 3
  m_MinimumChartSize: 4
  m_AutoUVMaxDistance: 0.5
  m_AutoUVMaxAngle: 89
  m_LightmapParameters: {fileID: 0}
  m_SortingLayerID: 0
  m_SortingLayer: 0
  m_SortingOrder: 0
  serializedVersion: 2
  m_Quality: 0
  m_UpdateWhenOffscreen: 0
  m_SkinnedMotionVectors: 1
  m_Mesh: {fileID: 6399091083438733, guid: 07879178500a8a74daf17edededf6452, type: 3}
  m_Bones:
  - {fileID: 3815649953567158634}
  - {fileID: 2825610905848455856}
  - {fileID: 7307917717348319734}
  - {fileID: 7484049381145704574}
  - {fileID: 6814122254996780105}
  - {fileID: 7124466160862285554}
  - {fileID: 1381423924592721929}
  - {fileID: 6034316726292609391}
  - {fileID: 7503153873448802478}
  - {fileID: 1786020101114357264}
  - {fileID: 4749382363444054539}
  - {fileID: 304537724412136524}
  - {fileID: 5194306540895277733}
  - {fileID: 1763429733903658755}
  - {fileID: 5455607396905732360}
  - {fileID: 3163780546865752449}
  - {fileID: 7967406825927963223}
  - {fileID: 6052975418024697466}
  - {fileID: 1305522831132466138}
  - {fileID: 1832128828559544721}
  - {fileID: 4774973275305883285}
  - {fileID: 1129607050535647489}
  - {fileID: 5211519131527242881}
  - {fileID: 876774224161870271}
  - {fileID: 6719967015940194642}
  - {fileID: 2980438411475082840}
  - {fileID: 3969877002240872406}
  - {fileID: 6575229569100426489}
  - {fileID: 8780220091697230794}
  - {fileID: 8877050485822937424}
  - {fileID: 7113564000573119277}
  - {fileID: 5887121305537193308}
  - {fileID: 2489184215751241403}
  - {fileID: 3957430223176313474}
  - {fileID: 1952953161167129897}
  - {fileID: 2911185115771022169}
  - {fileID: 6724900449240567008}
  - {fileID: 3514263500744516808}
  - {fileID: 1602531347631178712}
  - {fileID: 7173211577335195139}
  - {fileID: 6235532470300888508}
  - {fileID: 241925001546578064}
  - {fileID: 4622617665607877858}
  - {fileID: 597112695476567938}
  - {fileID: 3121437861408699702}
  - {fileID: 4837464090809686344}
  m_BlendShapeWeights: []
  m_RootBone: {fileID: 1381423924592721929}
  m_AABB:
    m_Center: {x: 0.002232924, y: 0.0019654147, z: -0.0011665653}
    m_Extent: {x: 0.096081935, y: 0.03029339, z: 0.045590892}
  m_DirtyAABB: 0
--- !u!1 &4463034721998943206
GameObject:
  m_ObjectHideFlags: 0
  m_CorrespondingSourceObject: {fileID: 0}
  m_PrefabInstance: {fileID: 0}
  m_PrefabAsset: {fileID: 0}
  serializedVersion: 6
  m_Component:
  - component: {fileID: 3957430223176313474}
  m_Layer: 13
  m_Name: IndexFinger_011
  m_TagString: Untagged
  m_Icon: {fileID: 0}
  m_NavMeshLayer: 0
  m_StaticEditorFlags: 0
  m_IsActive: 1
--- !u!4 &3957430223176313474
Transform:
  m_ObjectHideFlags: 0
  m_CorrespondingSourceObject: {fileID: 0}
  m_PrefabInstance: {fileID: 0}
  m_PrefabAsset: {fileID: 0}
  m_GameObject: {fileID: 4463034721998943206}
  m_LocalRotation: {x: -0.019314153, y: -0.14597018, z: 0.068231896, w: 0.9867442}
  m_LocalPosition: {x: 0.010396597, y: -0.0003990021, z: -0.0026726476}
  m_LocalScale: {x: 0.9999999, y: 0.9999999, z: 1.0000001}
  m_Children:
  - {fileID: 6724900449240567008}
  m_Father: {fileID: 7113564000573119277}
  m_RootOrder: 1
  m_LocalEulerAnglesHint: {x: 0, y: 0, z: 0}
--- !u!1 &4524930362299053658
GameObject:
  m_ObjectHideFlags: 0
  m_CorrespondingSourceObject: {fileID: 0}
  m_PrefabInstance: {fileID: 0}
  m_PrefabAsset: {fileID: 0}
  serializedVersion: 6
  m_Component:
  - component: {fileID: 6724900449240567008}
  m_Layer: 13
  m_Name: IndexFinger_021
  m_TagString: Untagged
  m_Icon: {fileID: 0}
  m_NavMeshLayer: 0
  m_StaticEditorFlags: 0
  m_IsActive: 1
--- !u!4 &6724900449240567008
Transform:
  m_ObjectHideFlags: 0
  m_CorrespondingSourceObject: {fileID: 0}
  m_PrefabInstance: {fileID: 0}
  m_PrefabAsset: {fileID: 0}
  m_GameObject: {fileID: 4524930362299053658}
  m_LocalRotation: {x: -0.0015763404, y: 0.004045375, z: 0.16132317, w: 0.9868921}
  m_LocalPosition: {x: 0.0040935823, y: 0.00000009346009, z: 0}
  m_LocalScale: {x: 0.99999976, y: 0.99999976, z: 1.0000001}
  m_Children:
  - {fileID: 1602531347631178712}
  m_Father: {fileID: 3957430223176313474}
  m_RootOrder: 0
  m_LocalEulerAnglesHint: {x: 0, y: 0, z: 0}
--- !u!1 &4652504189876145162
GameObject:
  m_ObjectHideFlags: 0
  m_CorrespondingSourceObject: {fileID: 0}
  m_PrefabInstance: {fileID: 0}
  m_PrefabAsset: {fileID: 0}
  serializedVersion: 6
  m_Component:
  - component: {fileID: 7307917717348319734}
  m_Layer: 13
  m_Name: Neck
  m_TagString: Untagged
  m_Icon: {fileID: 0}
  m_NavMeshLayer: 0
  m_StaticEditorFlags: 0
  m_IsActive: 1
--- !u!4 &7307917717348319734
Transform:
  m_ObjectHideFlags: 0
  m_CorrespondingSourceObject: {fileID: 0}
  m_PrefabInstance: {fileID: 0}
  m_PrefabAsset: {fileID: 0}
  m_GameObject: {fileID: 4652504189876145162}
  m_LocalRotation: {x: -0.016217818, y: 0.020683063, z: 0.06085859, w: 0.9978003}
  m_LocalPosition: {x: -0.0111889765, y: -9.536744e-10, z: 0}
  m_LocalScale: {x: 1.0000002, y: 1.0000002, z: 1}
  m_Children:
  - {fileID: 3815649953567158634}
  m_Father: {fileID: 2825610905848455856}
  m_RootOrder: 2
  m_LocalEulerAnglesHint: {x: 0, y: 0, z: 0}
--- !u!1 &4831341643144015394
GameObject:
  m_ObjectHideFlags: 0
  m_CorrespondingSourceObject: {fileID: 0}
  m_PrefabInstance: {fileID: 0}
  m_PrefabAsset: {fileID: 0}
  serializedVersion: 6
  m_Component:
  - component: {fileID: 2911185115771022169}
  m_Layer: 13
  m_Name: Thumb_031
  m_TagString: Untagged
  m_Icon: {fileID: 0}
  m_NavMeshLayer: 0
  m_StaticEditorFlags: 0
  m_IsActive: 1
--- !u!4 &2911185115771022169
Transform:
  m_ObjectHideFlags: 0
  m_CorrespondingSourceObject: {fileID: 0}
  m_PrefabInstance: {fileID: 0}
  m_PrefabAsset: {fileID: 0}
  m_GameObject: {fileID: 4831341643144015394}
  m_LocalRotation: {x: -0.036403254, y: -0.15203467, z: -0.22999533, w: 0.9605532}
  m_LocalPosition: {x: 0.005665518, y: 0, z: -0.000000020027162}
  m_LocalScale: {x: 1, y: 1, z: 1}
  m_Children: []
  m_Father: {fileID: 1952953161167129897}
  m_RootOrder: 0
  m_LocalEulerAnglesHint: {x: 0, y: 0, z: 0}
--- !u!1 &4921242245643552113
GameObject:
  m_ObjectHideFlags: 0
  m_CorrespondingSourceObject: {fileID: 0}
  m_PrefabInstance: {fileID: 0}
  m_PrefabAsset: {fileID: 0}
  serializedVersion: 6
  m_Component:
  - component: {fileID: 6052975418024697466}
  m_Layer: 13
  m_Name: Thumb_03
  m_TagString: Untagged
  m_Icon: {fileID: 0}
  m_NavMeshLayer: 0
  m_StaticEditorFlags: 0
  m_IsActive: 1
--- !u!4 &6052975418024697466
Transform:
  m_ObjectHideFlags: 0
  m_CorrespondingSourceObject: {fileID: 0}
  m_PrefabInstance: {fileID: 0}
  m_PrefabAsset: {fileID: 0}
  m_GameObject: {fileID: 4921242245643552113}
  m_LocalRotation: {x: -0.036403254, y: -0.15203467, z: -0.22999534, w: 0.9605532}
  m_LocalPosition: {x: -0.005665564, y: 0, z: 0.000000010490418}
  m_LocalScale: {x: 1.0000002, y: 1.0000001, z: 1}
  m_Children: []
  m_Father: {fileID: 7967406825927963223}
  m_RootOrder: 0
  m_LocalEulerAnglesHint: {x: 0, y: 0, z: 0}
--- !u!1 &5062437179202293196
GameObject:
  m_ObjectHideFlags: 0
  m_CorrespondingSourceObject: {fileID: 0}
  m_PrefabInstance: {fileID: 0}
  m_PrefabAsset: {fileID: 0}
  serializedVersion: 6
  m_Component:
  - component: {fileID: 5887121305537193308}
  m_Layer: 13
  m_Name: Thumb_011
  m_TagString: Untagged
  m_Icon: {fileID: 0}
  m_NavMeshLayer: 0
  m_StaticEditorFlags: 0
  m_IsActive: 1
--- !u!4 &5887121305537193308
Transform:
  m_ObjectHideFlags: 0
  m_CorrespondingSourceObject: {fileID: 0}
  m_PrefabInstance: {fileID: 0}
  m_PrefabAsset: {fileID: 0}
  m_GameObject: {fileID: 5062437179202293196}
  m_LocalRotation: {x: 0.049372926, y: 0.1708553, z: 0.069548324, w: 0.9815976}
  m_LocalPosition: {x: 0.0035140011, y: 0.0011709882, z: -0.0045055402}
  m_LocalScale: {x: 1, y: 1.0000001, z: 1}
  m_Children:
  - {fileID: 1952953161167129897}
  m_Father: {fileID: 7113564000573119277}
  m_RootOrder: 2
  m_LocalEulerAnglesHint: {x: 0, y: 0, z: 0}
--- !u!1 &5426281429686121647
GameObject:
  m_ObjectHideFlags: 0
  m_CorrespondingSourceObject: {fileID: 0}
  m_PrefabInstance: {fileID: 0}
  m_PrefabAsset: {fileID: 0}
  serializedVersion: 6
  m_Component:
  - component: {fileID: 1305522831132466138}
  m_Layer: 13
  m_Name: IndexFinger_02
  m_TagString: Untagged
  m_Icon: {fileID: 0}
  m_NavMeshLayer: 0
  m_StaticEditorFlags: 0
  m_IsActive: 1
--- !u!4 &1305522831132466138
Transform:
  m_ObjectHideFlags: 0
  m_CorrespondingSourceObject: {fileID: 0}
  m_PrefabInstance: {fileID: 0}
  m_PrefabAsset: {fileID: 0}
  m_GameObject: {fileID: 5426281429686121647}
  m_LocalRotation: {x: -0.0014586572, y: 0.004107994, z: 0.11526275, w: 0.9933255}
  m_LocalPosition: {x: -0.0040936377, y: 0.00000003051758, z: 4.768372e-10}
  m_LocalScale: {x: 0.9999998, y: 1, z: 1.0000001}
  m_Children:
  - {fileID: 4774973275305883285}
  m_Father: {fileID: 3163780546865752449}
  m_RootOrder: 0
  m_LocalEulerAnglesHint: {x: 0, y: 0, z: 0}
--- !u!1 &5659460454535558926
GameObject:
  m_ObjectHideFlags: 0
  m_CorrespondingSourceObject: {fileID: 0}
  m_PrefabInstance: {fileID: 0}
  m_PrefabAsset: {fileID: 0}
  serializedVersion: 6
  m_Component:
  - component: {fileID: 5194306540895277733}
  - component: {fileID: 2919605608360811969}
  - component: {fileID: 1775040966997305163}
  - component: {fileID: 1219813597059000977}
  m_Layer: 13
  m_Name: Hand_L
  m_TagString: Untagged
  m_Icon: {fileID: 0}
  m_NavMeshLayer: 0
  m_StaticEditorFlags: 0
  m_IsActive: 1
--- !u!4 &5194306540895277733
Transform:
  m_ObjectHideFlags: 0
  m_CorrespondingSourceObject: {fileID: 0}
  m_PrefabInstance: {fileID: 0}
  m_PrefabAsset: {fileID: 0}
  m_GameObject: {fileID: 5659460454535558926}
  m_LocalRotation: {x: 0.3146861, y: 0.098516285, z: 0.04369647, w: 0.9430577}
  m_LocalPosition: {x: -0.027114524, y: -0.000000005722046, z: -0.000038131715}
  m_LocalScale: {x: 0.9999999, y: 0.99999976, z: 0.99999994}
  m_Children:
  - {fileID: 5455607396905732360}
  - {fileID: 3163780546865752449}
  - {fileID: 1763429733903658755}
  m_Father: {fileID: 304537724412136524}
  m_RootOrder: 0
  m_LocalEulerAnglesHint: {x: 0, y: 0, z: 0}
--- !u!54 &2919605608360811969
Rigidbody:
  m_ObjectHideFlags: 0
  m_CorrespondingSourceObject: {fileID: 0}
  m_PrefabInstance: {fileID: 0}
  m_PrefabAsset: {fileID: 0}
  m_GameObject: {fileID: 5659460454535558926}
  serializedVersion: 2
  m_Mass: 0.59999996
  m_Drag: 0.3
  m_AngularDrag: 0.3
  m_UseGravity: 0
  m_IsKinematic: 0
  m_Interpolate: 0
  m_Constraints: 0
  m_CollisionDetection: 0
--- !u!65 &1775040966997305163
BoxCollider:
  m_ObjectHideFlags: 0
  m_CorrespondingSourceObject: {fileID: 0}
  m_PrefabInstance: {fileID: 0}
  m_PrefabAsset: {fileID: 0}
  m_GameObject: {fileID: 5659460454535558926}
  m_Material: {fileID: 0}
  m_IsTrigger: 0
  m_Enabled: 0
  serializedVersion: 2
  m_Size: {x: 0.027761, y: 0.012174659, z: 0.012174659}
  m_Center: {x: -0.010606141, y: -0.0012143839, z: -0.00019987478}
--- !u!144 &1219813597059000977
CharacterJoint:
  m_ObjectHideFlags: 0
  m_CorrespondingSourceObject: {fileID: 0}
  m_PrefabInstance: {fileID: 0}
  m_PrefabAsset: {fileID: 0}
  m_GameObject: {fileID: 5659460454535558926}
  m_ConnectedBody: {fileID: 2168865529121141285}
  m_Anchor: {x: 0, y: 0, z: 0}
  m_Axis: {x: -0.021697048, y: 0.20040159, z: -0.066273056}
  m_AutoConfigureConnectedAnchor: 1
  m_ConnectedAnchor: {x: -0.027114507, y: 0.000000029744118, z: -0.000038108086}
  serializedVersion: 2
  m_SwingAxis: {x: -0.16473424, y: 0.2935657, z: 0.94163835}
  m_TwistLimitSpring:
    spring: 0
    damper: 0
  m_LowTwistLimit:
    limit: -90
    bounciness: 0
    contactDistance: 0
  m_HighTwistLimit:
    limit: 90
    bounciness: 0
    contactDistance: 0
  m_SwingLimitSpring:
    spring: 0
    damper: 0
  m_Swing1Limit:
    limit: 90
    bounciness: 0
    contactDistance: 0
  m_Swing2Limit:
    limit: 45
    bounciness: 0
    contactDistance: 0
  m_EnableProjection: 1
  m_ProjectionDistance: 0.1
  m_ProjectionAngle: 180
  m_BreakForce: Infinity
  m_BreakTorque: Infinity
  m_EnableCollision: 0
  m_EnablePreprocessing: 0
  m_MassScale: 1
  m_ConnectedMassScale: 1
--- !u!1 &5824996847171855486
GameObject:
  m_ObjectHideFlags: 0
  m_CorrespondingSourceObject: {fileID: 0}
  m_PrefabInstance: {fileID: 0}
  m_PrefabAsset: {fileID: 0}
  serializedVersion: 6
  m_Component:
  - component: {fileID: 8604852083660562121}
  m_Layer: 13
  m_Name: Toes_L
  m_TagString: Untagged
  m_Icon: {fileID: 0}
  m_NavMeshLayer: 0
  m_StaticEditorFlags: 0
  m_IsActive: 1
--- !u!4 &8604852083660562121
Transform:
  m_ObjectHideFlags: 0
  m_CorrespondingSourceObject: {fileID: 0}
  m_PrefabInstance: {fileID: 0}
  m_PrefabAsset: {fileID: 0}
  m_GameObject: {fileID: 5824996847171855486}
  m_LocalRotation: {x: -2.7376525e-13, y: -0.7071068, z: -2.7376525e-13, w: 0.7071068}
  m_LocalPosition: {x: 0.0072957464, y: 0.00000001525879, z: -0.0000000019073487}
  m_LocalScale: {x: 1.0000001, y: 0.9999999, z: 1.0000001}
  m_Children: []
  m_Father: {fileID: 2980438411475082840}
  m_RootOrder: 0
  m_LocalEulerAnglesHint: {x: 0, y: 0, z: 0}
--- !u!1 &6380261241959001525
GameObject:
  m_ObjectHideFlags: 0
  m_CorrespondingSourceObject: {fileID: 0}
  m_PrefabInstance: {fileID: 0}
  m_PrefabAsset: {fileID: 0}
  serializedVersion: 6
  m_Component:
  - component: {fileID: 1129607050535647489}
  m_Layer: 13
  m_Name: IndexFinger_04
  m_TagString: Untagged
  m_Icon: {fileID: 0}
  m_NavMeshLayer: 0
  m_StaticEditorFlags: 0
  m_IsActive: 1
--- !u!4 &1129607050535647489
Transform:
  m_ObjectHideFlags: 0
  m_CorrespondingSourceObject: {fileID: 0}
  m_PrefabInstance: {fileID: 0}
  m_PrefabAsset: {fileID: 0}
  m_GameObject: {fileID: 6380261241959001525}
  m_LocalRotation: {x: -0.0045196493, y: -0.028039929, z: -0.159068, w: 0.986859}
  m_LocalPosition: {x: -0.003779793, y: 0, z: 0.0000000033378602}
  m_LocalScale: {x: 1.0000001, y: 0.9999999, z: 1.0000001}
  m_Children: []
  m_Father: {fileID: 4774973275305883285}
  m_RootOrder: 0
  m_LocalEulerAnglesHint: {x: 0, y: 0, z: 0}
--- !u!1 &6412133592720732708
GameObject:
  m_ObjectHideFlags: 0
  m_CorrespondingSourceObject: {fileID: 0}
  m_PrefabInstance: {fileID: 0}
  m_PrefabAsset: {fileID: 0}
  serializedVersion: 6
  m_Component:
  - component: {fileID: 3163780546865752449}
  m_Layer: 13
  m_Name: IndexFinger_01
  m_TagString: Untagged
  m_Icon: {fileID: 0}
  m_NavMeshLayer: 0
  m_StaticEditorFlags: 0
  m_IsActive: 1
--- !u!4 &3163780546865752449
Transform:
  m_ObjectHideFlags: 0
  m_CorrespondingSourceObject: {fileID: 0}
  m_PrefabInstance: {fileID: 0}
  m_PrefabAsset: {fileID: 0}
  m_GameObject: {fileID: 6412133592720732708}
  m_LocalRotation: {x: -0.0057958732, y: -0.14042117, z: 0.047778383, w: 0.9889214}
  m_LocalPosition: {x: -0.010396559, y: 0.0003987427, z: 0.002672649}
  m_LocalScale: {x: 1, y: 1, z: 1}
  m_Children:
  - {fileID: 1305522831132466138}
  m_Father: {fileID: 5194306540895277733}
  m_RootOrder: 1
  m_LocalEulerAnglesHint: {x: 0, y: 0, z: 0}
--- !u!1 &6416631541690888767
GameObject:
  m_ObjectHideFlags: 0
  m_CorrespondingSourceObject: {fileID: 0}
  m_PrefabInstance: {fileID: 0}
  m_PrefabAsset: {fileID: 0}
  serializedVersion: 6
  m_Component:
  - component: {fileID: 2980438411475082840}
  m_Layer: 13
  m_Name: Ball_L
  m_TagString: Untagged
  m_Icon: {fileID: 0}
  m_NavMeshLayer: 0
  m_StaticEditorFlags: 0
  m_IsActive: 1
--- !u!4 &2980438411475082840
Transform:
  m_ObjectHideFlags: 0
  m_CorrespondingSourceObject: {fileID: 0}
  m_PrefabInstance: {fileID: 0}
  m_PrefabAsset: {fileID: 0}
  m_GameObject: {fileID: 6416631541690888767}
  m_LocalRotation: {x: -0.016279785, y: -0.017436728, z: -0.26180053, w: 0.9648272}
  m_LocalPosition: {x: 0.011284032, y: -0.0000000038146974, z: 0}
  m_LocalScale: {x: 0.99999994, y: 1, z: 1.0000001}
  m_Children:
  - {fileID: 8604852083660562121}
  m_Father: {fileID: 6719967015940194642}
  m_RootOrder: 0
  m_LocalEulerAnglesHint: {x: 0, y: 0, z: 0}
--- !u!1 &6528060812704777000
GameObject:
  m_ObjectHideFlags: 0
  m_CorrespondingSourceObject: {fileID: 0}
  m_PrefabInstance: {fileID: 0}
  m_PrefabAsset: {fileID: 0}
  serializedVersion: 6
  m_Component:
  - component: {fileID: 4774973275305883285}
  m_Layer: 13
  m_Name: IndexFinger_03
  m_TagString: Untagged
  m_Icon: {fileID: 0}
  m_NavMeshLayer: 0
  m_StaticEditorFlags: 0
  m_IsActive: 1
--- !u!4 &4774973275305883285
Transform:
  m_ObjectHideFlags: 0
  m_CorrespondingSourceObject: {fileID: 0}
  m_PrefabInstance: {fileID: 0}
  m_PrefabAsset: {fileID: 0}
  m_GameObject: {fileID: 6528060812704777000}
  m_LocalRotation: {x: -0.006926083, y: -0.00000015061693, z: -0.000000026577782,
    w: 0.99997604}
  m_LocalPosition: {x: -0.0037912084, y: -0.0000000019073487, z: 0.0000000038146974}
  m_LocalScale: {x: 0.9999998, y: 1.0000001, z: 1}
  m_Children:
  - {fileID: 1129607050535647489}
  m_Father: {fileID: 1305522831132466138}
  m_RootOrder: 0
  m_LocalEulerAnglesHint: {x: 0, y: 0, z: 0}
--- !u!1 &6802693194656544887
GameObject:
  m_ObjectHideFlags: 0
  m_CorrespondingSourceObject: {fileID: 0}
  m_PrefabInstance: {fileID: 0}
  m_PrefabAsset: {fileID: 0}
  serializedVersion: 6
  m_Component:
  - component: {fileID: 6719967015940194642}
  - component: {fileID: 1806707474490441774}
  - component: {fileID: 3577318440996417744}
  - component: {fileID: 7786611924865396095}
  m_Layer: 13
  m_Name: Ankle_L
  m_TagString: Untagged
  m_Icon: {fileID: 0}
  m_NavMeshLayer: 0
  m_StaticEditorFlags: 0
  m_IsActive: 1
--- !u!4 &6719967015940194642
Transform:
  m_ObjectHideFlags: 0
  m_CorrespondingSourceObject: {fileID: 0}
  m_PrefabInstance: {fileID: 0}
  m_PrefabAsset: {fileID: 0}
  m_GameObject: {fileID: 6802693194656544887}
  m_LocalRotation: {x: 0.8044104, y: 0.49640748, z: 0.071464255, w: -0.318428}
  m_LocalPosition: {x: 0.037712313, y: 0.00000001525879, z: -0.000000082015994}
  m_LocalScale: {x: 0.9999998, y: 0.9999997, z: 0.9999997}
  m_Children:
  - {fileID: 2980438411475082840}
  m_Father: {fileID: 4749382363444054539}
  m_RootOrder: 0
  m_LocalEulerAnglesHint: {x: 0, y: 0, z: 0}
--- !u!54 &1806707474490441774
Rigidbody:
  m_ObjectHideFlags: 0
  m_CorrespondingSourceObject: {fileID: 0}
  m_PrefabInstance: {fileID: 0}
  m_PrefabAsset: {fileID: 0}
  m_GameObject: {fileID: 6802693194656544887}
  serializedVersion: 2
  m_Mass: 1.5
  m_Drag: 0.3
  m_AngularDrag: 0.3
  m_UseGravity: 0
  m_IsKinematic: 0
  m_Interpolate: 0
  m_Constraints: 0
  m_CollisionDetection: 0
--- !u!65 &3577318440996417744
BoxCollider:
  m_ObjectHideFlags: 0
  m_CorrespondingSourceObject: {fileID: 0}
  m_PrefabInstance: {fileID: 0}
  m_PrefabAsset: {fileID: 0}
  m_GameObject: {fileID: 6802693194656544887}
  m_Material: {fileID: 0}
  m_IsTrigger: 0
  m_Enabled: 0
  serializedVersion: 2
  m_Size: {x: 0.023347173, y: 0.0153784, z: 0.0153784}
  m_Center: {x: 0.008787638, y: -0.0018407728, z: 0.00015382754}
--- !u!144 &7786611924865396095
CharacterJoint:
  m_ObjectHideFlags: 0
  m_CorrespondingSourceObject: {fileID: 0}
  m_PrefabInstance: {fileID: 0}
  m_PrefabAsset: {fileID: 0}
  m_GameObject: {fileID: 6802693194656544887}
  m_ConnectedBody: {fileID: 6893389070332920190}
  m_Anchor: {x: 0, y: 0, z: 0}
  m_Axis: {x: -0.41548747, y: 0.3655634, z: 0.83290666}
  m_AutoConfigureConnectedAnchor: 1
  m_ConnectedAnchor: {x: 0.037712328, y: 0.000000015832482, z: -0.00000009452924}
  serializedVersion: 2
  m_SwingAxis: {x: 0.5587841, y: 0.8251094, z: -0.08339706}
  m_TwistLimitSpring:
    spring: 0
    damper: 0
  m_LowTwistLimit:
    limit: -70
    bounciness: 0
    contactDistance: 0
  m_HighTwistLimit:
    limit: 70
    bounciness: 0
    contactDistance: 0
  m_SwingLimitSpring:
    spring: 0
    damper: 0
  m_Swing1Limit:
    limit: 45
    bounciness: 0
    contactDistance: 0
  m_Swing2Limit:
    limit: 20
    bounciness: 0
    contactDistance: 0
  m_EnableProjection: 1
  m_ProjectionDistance: 0.1
  m_ProjectionAngle: 180
  m_BreakForce: Infinity
  m_BreakTorque: Infinity
  m_EnableCollision: 0
  m_EnablePreprocessing: 0
  m_MassScale: 1
  m_ConnectedMassScale: 1
--- !u!1 &7136513058108203696
GameObject:
  m_ObjectHideFlags: 0
  m_CorrespondingSourceObject: {fileID: 0}
  m_PrefabInstance: {fileID: 0}
  m_PrefabAsset: {fileID: 0}
  serializedVersion: 6
  m_Component:
  - component: {fileID: 6814122254996780105}
  m_Layer: 13
  m_Name: Spine_01
  m_TagString: Untagged
  m_Icon: {fileID: 0}
  m_NavMeshLayer: 0
  m_StaticEditorFlags: 0
  m_IsActive: 1
--- !u!4 &6814122254996780105
Transform:
  m_ObjectHideFlags: 0
  m_CorrespondingSourceObject: {fileID: 0}
  m_PrefabInstance: {fileID: 0}
  m_PrefabAsset: {fileID: 0}
  m_GameObject: {fileID: 7136513058108203696}
  m_LocalRotation: {x: 0.9908697, y: -0.13420863, z: 0.0061790757, w: -0.011274862}
  m_LocalPosition: {x: -0.010393255, y: 0, z: -1.4901162e-11}
  m_LocalScale: {x: 0.99999994, y: 1, z: 0.9999998}
  m_Children:
  - {fileID: 7124466160862285554}
  m_Father: {fileID: 1381423924592721929}
  m_RootOrder: 0
  m_LocalEulerAnglesHint: {x: 0, y: 0, z: 0}
--- !u!1 &7181077996949478319
GameObject:
  m_ObjectHideFlags: 0
  m_CorrespondingSourceObject: {fileID: 0}
  m_PrefabInstance: {fileID: 0}
  m_PrefabAsset: {fileID: 0}
  serializedVersion: 6
  m_Component:
  - component: {fileID: 6575229569100426489}
  - component: {fileID: 4783810949453853720}
  - component: {fileID: 354243879654341838}
  - component: {fileID: 1705677687053537409}
  m_Layer: 13
  m_Name: Shoulder_R
  m_TagString: Untagged
  m_Icon: {fileID: 0}
  m_NavMeshLayer: 0
  m_StaticEditorFlags: 0
  m_IsActive: 1
--- !u!4 &6575229569100426489
Transform:
  m_ObjectHideFlags: 0
  m_CorrespondingSourceObject: {fileID: 0}
  m_PrefabInstance: {fileID: 0}
  m_PrefabAsset: {fileID: 0}
  m_GameObject: {fileID: 7181077996949478319}
  m_LocalRotation: {x: 0.29572472, y: 0.5517312, z: 0.53708905, w: 0.56539804}
  m_LocalPosition: {x: 0.01319786, y: 0.0000006408692, z: 0.0000000038146974}
  m_LocalScale: {x: 0.99999994, y: 1, z: 0.9999999}
  m_Children:
  - {fileID: 8877050485822937424}
  m_Father: {fileID: 3969877002240872406}
  m_RootOrder: 0
  m_LocalEulerAnglesHint: {x: 0, y: 0, z: 0}
--- !u!54 &4783810949453853720
Rigidbody:
  m_ObjectHideFlags: 0
  m_CorrespondingSourceObject: {fileID: 0}
  m_PrefabInstance: {fileID: 0}
  m_PrefabAsset: {fileID: 0}
  m_GameObject: {fileID: 7181077996949478319}
  serializedVersion: 2
  m_Mass: 2.3999999
  m_Drag: 0.3
  m_AngularDrag: 0.3
  m_UseGravity: 0
  m_IsKinematic: 0
  m_Interpolate: 0
  m_Constraints: 0
  m_CollisionDetection: 0
--- !u!136 &354243879654341838
CapsuleCollider:
  m_ObjectHideFlags: 0
  m_CorrespondingSourceObject: {fileID: 0}
  m_PrefabInstance: {fileID: 0}
  m_PrefabAsset: {fileID: 0}
  m_GameObject: {fileID: 7181077996949478319}
  m_Material: {fileID: 0}
  m_IsTrigger: 0
  m_Enabled: 0
  m_Radius: 0.007323474
  m_Height: 0.033948045
  m_Direction: 0
  m_Center: {x: 0.016973717, y: 0.00007238425, z: 0.000071816154}
--- !u!144 &1705677687053537409
CharacterJoint:
  m_ObjectHideFlags: 0
  m_CorrespondingSourceObject: {fileID: 0}
  m_PrefabInstance: {fileID: 0}
  m_PrefabAsset: {fileID: 0}
  m_GameObject: {fileID: 7181077996949478319}
  m_ConnectedBody: {fileID: 2026162963808256512}
  m_Anchor: {x: 0, y: 0, z: 0}
  m_Axis: {x: -0.00064293295, y: -0.14991058, z: 0.30301774}
  m_AutoConfigureConnectedAnchor: 1
  m_ConnectedAnchor: {x: -0.026734095, y: -0.0027295772, z: -0.018949013}
  serializedVersion: 2
  m_SwingAxis: {x: -0.08530493, y: -0.8929715, z: -0.44195688}
  m_TwistLimitSpring:
    spring: 0
    damper: 0
  m_LowTwistLimit:
    limit: -30
    bounciness: 0
    contactDistance: 0
  m_HighTwistLimit:
    limit: 100
    bounciness: 0
    contactDistance: 0
  m_SwingLimitSpring:
    spring: 0
    damper: 0
  m_Swing1Limit:
    limit: 100
    bounciness: 0
    contactDistance: 0
  m_Swing2Limit:
    limit: 45
    bounciness: 0
    contactDistance: 0
  m_EnableProjection: 1
  m_ProjectionDistance: 0.1
  m_ProjectionAngle: 180
  m_BreakForce: Infinity
  m_BreakTorque: Infinity
  m_EnableCollision: 0
  m_EnablePreprocessing: 0
  m_MassScale: 1
  m_ConnectedMassScale: 1
--- !u!1 &7636184227708555290
GameObject:
  m_ObjectHideFlags: 0
  m_CorrespondingSourceObject: {fileID: 0}
  m_PrefabInstance: {fileID: 0}
  m_PrefabAsset: {fileID: 0}
  serializedVersion: 6
  m_Component:
  - component: {fileID: 241925001546578064}
  m_Layer: 13
  m_Name: Finger_041
  m_TagString: Untagged
  m_Icon: {fileID: 0}
  m_NavMeshLayer: 0
  m_StaticEditorFlags: 0
  m_IsActive: 1
--- !u!4 &241925001546578064
Transform:
  m_ObjectHideFlags: 0
  m_CorrespondingSourceObject: {fileID: 0}
  m_PrefabInstance: {fileID: 0}
  m_PrefabAsset: {fileID: 0}
  m_GameObject: {fileID: 7636184227708555290}
  m_LocalRotation: {x: 0.016646367, y: 0.09652533, z: -0.16913006, w: 0.98071444}
  m_LocalPosition: {x: 0.0030031186, y: 0.00000012207032, z: 0.000000041484835}
  m_LocalScale: {x: 1.0000001, y: 0.99999994, z: 0.99999994}
  m_Children: []
  m_Father: {fileID: 6235532470300888508}
  m_RootOrder: 0
  m_LocalEulerAnglesHint: {x: 0, y: 0, z: 0}
--- !u!1 &7649812710954820605
GameObject:
  m_ObjectHideFlags: 0
  m_CorrespondingSourceObject: {fileID: 0}
  m_PrefabInstance: {fileID: 0}
  m_PrefabAsset: {fileID: 0}
  serializedVersion: 6
  m_Component:
  - component: {fileID: 2825610905848455856}
  m_Layer: 13
  m_Name: Spine_03
  m_TagString: Untagged
  m_Icon: {fileID: 0}
  m_NavMeshLayer: 0
  m_StaticEditorFlags: 0
  m_IsActive: 1
--- !u!4 &2825610905848455856
Transform:
  m_ObjectHideFlags: 0
  m_CorrespondingSourceObject: {fileID: 0}
  m_PrefabInstance: {fileID: 0}
  m_PrefabAsset: {fileID: 0}
  m_GameObject: {fileID: 7649812710954820605}
  m_LocalRotation: {x: 0.99959457, y: -0.015985219, z: -0.008852866, w: -0.021835065}
  m_LocalPosition: {x: -0.018327031, y: -0.0027198086, z: 0.00025070395}
  m_LocalScale: {x: 1, y: 0.99999994, z: 1}
  m_Children:
  - {fileID: 7484049381145704574}
  - {fileID: 3969877002240872406}
  - {fileID: 7307917717348319734}
  m_Father: {fileID: 7124466160862285554}
  m_RootOrder: 0
  m_LocalEulerAnglesHint: {x: 0, y: 0, z: 0}
--- !u!1 &7965174803486947921
GameObject:
  m_ObjectHideFlags: 0
  m_CorrespondingSourceObject: {fileID: 0}
  m_PrefabInstance: {fileID: 0}
  m_PrefabAsset: {fileID: 0}
  serializedVersion: 6
  m_Component:
  - component: {fileID: 3514263500744516808}
  m_Layer: 13
  m_Name: Finger_021
  m_TagString: Untagged
  m_Icon: {fileID: 0}
  m_NavMeshLayer: 0
  m_StaticEditorFlags: 0
  m_IsActive: 1
--- !u!4 &3514263500744516808
Transform:
  m_ObjectHideFlags: 0
  m_CorrespondingSourceObject: {fileID: 0}
  m_PrefabInstance: {fileID: 0}
  m_PrefabAsset: {fileID: 0}
  m_GameObject: {fileID: 7965174803486947921}
  m_LocalRotation: {x: 0.001989493, y: 0.017018754, z: 0.12857069, w: 0.99155235}
  m_LocalPosition: {x: 0.004248812, y: 0.00000003051758, z: 0}
  m_LocalScale: {x: 1.0000002, y: 1.0000001, z: 1.0000002}
  m_Children:
  - {fileID: 6235532470300888508}
  m_Father: {fileID: 2489184215751241403}
  m_RootOrder: 0
  m_LocalEulerAnglesHint: {x: 0, y: 0, z: 0}
--- !u!1 &7988739146715788041
GameObject:
  m_ObjectHideFlags: 0
  m_CorrespondingSourceObject: {fileID: 0}
  m_PrefabInstance: {fileID: 0}
  m_PrefabAsset: {fileID: 0}
  serializedVersion: 6
  m_Component:
  - component: {fileID: 1786020101114357264}
  - component: {fileID: 1734193153892617444}
  - component: {fileID: 3369034879669434910}
  - component: {fileID: 5048390084766430392}
  m_Layer: 13
  m_Name: UpperLeg_L
  m_TagString: Untagged
  m_Icon: {fileID: 0}
  m_NavMeshLayer: 0
  m_StaticEditorFlags: 0
  m_IsActive: 1
--- !u!4 &1786020101114357264
Transform:
  m_ObjectHideFlags: 0
  m_CorrespondingSourceObject: {fileID: 0}
  m_PrefabInstance: {fileID: 0}
  m_PrefabAsset: {fileID: 0}
  m_GameObject: {fileID: 7988739146715788041}
  m_LocalRotation: {x: -0.63239294, y: -0.11027613, z: -0.006675562, w: 0.7667293}
  m_LocalPosition: {x: 0.0041157915, y: -0.002692075, z: 0.0098967105}
  m_LocalScale: {x: 1, y: 0.9999998, z: 1}
  m_Children:
  - {fileID: 4749382363444054539}
  m_Father: {fileID: 1381423924592721929}
  m_RootOrder: 1
  m_LocalEulerAnglesHint: {x: 0, y: 0, z: 0}
--- !u!54 &1734193153892617444
Rigidbody:
  m_ObjectHideFlags: 0
  m_CorrespondingSourceObject: {fileID: 0}
  m_PrefabInstance: {fileID: 0}
  m_PrefabAsset: {fileID: 0}
  m_GameObject: {fileID: 7988739146715788041}
  serializedVersion: 2
  m_Mass: 6
  m_Drag: 0.3
  m_AngularDrag: 0.3
  m_UseGravity: 0
  m_IsKinematic: 0
  m_Interpolate: 0
  m_Constraints: 0
  m_CollisionDetection: 0
--- !u!136 &3369034879669434910
CapsuleCollider:
  m_ObjectHideFlags: 0
  m_CorrespondingSourceObject: {fileID: 0}
  m_PrefabInstance: {fileID: 0}
  m_PrefabAsset: {fileID: 0}
  m_GameObject: {fileID: 7988739146715788041}
  m_Material: {fileID: 0}
  m_IsTrigger: 0
  m_Enabled: 0
  m_Radius: 0.009227039
  m_Height: 0.039930943
  m_Direction: 0
  m_Center: {x: 0.019965472, y: -0.0000000265427, z: 0.0000000037252903}
--- !u!144 &5048390084766430392
CharacterJoint:
  m_ObjectHideFlags: 0
  m_CorrespondingSourceObject: {fileID: 0}
  m_PrefabInstance: {fileID: 0}
  m_PrefabAsset: {fileID: 0}
  m_GameObject: {fileID: 7988739146715788041}
  m_ConnectedBody: {fileID: 6844269418281796613}
  m_Anchor: {x: 0, y: 0, z: 0}
  m_Axis: {x: -0.15960722, y: 0.965044, z: -0.2078836}
  m_AutoConfigureConnectedAnchor: 1
  m_ConnectedAnchor: {x: 0.004115785, y: -0.002692076, z: 0.009896719}
  serializedVersion: 2
  m_SwingAxis: {x: 0.97665167, y: 0.123689786, z: -0.17564914}
  m_TwistLimitSpring:
    spring: 0
    damper: 0
  m_LowTwistLimit:
    limit: -10
    bounciness: 0
    contactDistance: 0
  m_HighTwistLimit:
    limit: 120
    bounciness: 0
    contactDistance: 0
  m_SwingLimitSpring:
    spring: 0
    damper: 0
  m_Swing1Limit:
    limit: 90
    bounciness: 0
    contactDistance: 0
  m_Swing2Limit:
    limit: 20
    bounciness: 0
    contactDistance: 0
  m_EnableProjection: 1
  m_ProjectionDistance: 0.1
  m_ProjectionAngle: 180
  m_BreakForce: Infinity
  m_BreakTorque: Infinity
  m_EnableCollision: 0
  m_EnablePreprocessing: 0
  m_MassScale: 1
  m_ConnectedMassScale: 1
--- !u!1 &8001729403539463173
GameObject:
  m_ObjectHideFlags: 0
  m_CorrespondingSourceObject: {fileID: 0}
  m_PrefabInstance: {fileID: 0}
  m_PrefabAsset: {fileID: 0}
  serializedVersion: 6
  m_Component:
  - component: {fileID: 3969877002240872406}
  m_Layer: 13
  m_Name: Clavicle_R
  m_TagString: Untagged
  m_Icon: {fileID: 0}
  m_NavMeshLayer: 0
  m_StaticEditorFlags: 0
  m_IsActive: 1
--- !u!4 &3969877002240872406
Transform:
  m_ObjectHideFlags: 0
  m_CorrespondingSourceObject: {fileID: 0}
  m_PrefabInstance: {fileID: 0}
  m_PrefabAsset: {fileID: 0}
  m_GameObject: {fileID: 8001729403539463173}
  m_LocalRotation: {x: 0.5146303, y: 0.6693116, z: 0.37033722, w: -0.38733447}
  m_LocalPosition: {x: -0.005801533, y: -0.004191417, z: 0.007447151}
  m_LocalScale: {x: 1.0000002, y: 1.0000005, z: 1}
  m_Children:
  - {fileID: 6575229569100426489}
  m_Father: {fileID: 2825610905848455856}
  m_RootOrder: 1
  m_LocalEulerAnglesHint: {x: 0, y: 0, z: 0}
--- !u!1 &8119058055087875093
GameObject:
  m_ObjectHideFlags: 0
  m_CorrespondingSourceObject: {fileID: 0}
  m_PrefabInstance: {fileID: 0}
  m_PrefabAsset: {fileID: 0}
  serializedVersion: 6
  m_Component:
  - component: {fileID: 8928211319979065007}
  - component: {fileID: 3244645829000357077}
  - component: {fileID: 234194805405500340}
  - component: {fileID: 7973526523741481038}
  m_Layer: 13
  m_Name: animation_idle_victim_tied
  m_TagString: Untagged
  m_Icon: {fileID: 0}
  m_NavMeshLayer: 0
  m_StaticEditorFlags: 0
  m_IsActive: 1
--- !u!4 &8928211319979065007
Transform:
  m_ObjectHideFlags: 0
  m_CorrespondingSourceObject: {fileID: 0}
  m_PrefabInstance: {fileID: 0}
  m_PrefabAsset: {fileID: 0}
  m_GameObject: {fileID: 8119058055087875093}
  m_LocalRotation: {x: -0, y: -0, z: -0, w: 1}
  m_LocalPosition: {x: -6.11, y: 0, z: 0.381}
  m_LocalScale: {x: 1, y: 1, z: 1}
  m_Children:
  - {fileID: 2095902133183172501}
  - {fileID: 7730114218064228848}
  - {fileID: 6088201152558571361}
  m_Father: {fileID: 0}
  m_RootOrder: 0
  m_LocalEulerAnglesHint: {x: 0, y: 0, z: 0}
--- !u!95 &3244645829000357077
Animator:
  serializedVersion: 3
  m_ObjectHideFlags: 0
  m_CorrespondingSourceObject: {fileID: 0}
  m_PrefabInstance: {fileID: 0}
  m_PrefabAsset: {fileID: 0}
  m_GameObject: {fileID: 8119058055087875093}
  m_Enabled: 0
  m_Avatar: {fileID: 9000000, guid: 07879178500a8a74daf17edededf6452, type: 3}
  m_Controller: {fileID: 9100000, guid: 6afc4c892c272104390b352fbaed5a26, type: 2}
  m_CullingMode: 1
  m_UpdateMode: 0
  m_ApplyRootMotion: 1
  m_LinearVelocityBlending: 0
  m_WarningMessage: 
  m_HasTransformHierarchy: 1
  m_AllowConstantClipSamplingOptimization: 1
  m_KeepAnimatorControllerStateOnDisable: 0
--- !u!136 &234194805405500340
CapsuleCollider:
  m_ObjectHideFlags: 0
  m_CorrespondingSourceObject: {fileID: 0}
  m_PrefabInstance: {fileID: 0}
  m_PrefabAsset: {fileID: 0}
  m_GameObject: {fileID: 8119058055087875093}
  m_Material: {fileID: 0}
  m_IsTrigger: 1
  m_Enabled: 1
  m_Radius: 0.4
  m_Height: 2
  m_Direction: 2
  m_Center: {x: 0, y: 0.17, z: 0}
--- !u!114 &7973526523741481038
MonoBehaviour:
  m_ObjectHideFlags: 0
  m_CorrespondingSourceObject: {fileID: 0}
  m_PrefabInstance: {fileID: 0}
  m_PrefabAsset: {fileID: 0}
  m_GameObject: {fileID: 8119058055087875093}
  m_Enabled: 1
  m_EditorHideFlags: 0
  m_Script: {fileID: 11500000, guid: 79133af6fbd1c0c43bf2b5c492e812c1, type: 3}
  m_Name: 
  m_EditorClassIdentifier: 
  id: animation_idle_victim_tied
  _components: []
  _forceDirection: {x: 1, y: 0, z: 1}
  _forcePower: 10
  _isVictim: 1
  _seat: 0
  _partsToHide:
  - {fileID: 6860796553671525851}
  _ragdoll:
    RigidBodies:
    - {fileID: 6844269418281796613}
    - {fileID: 2026162963808256512}
    - {fileID: 5067650973972260387}
    - {fileID: 2168865529121141285}
    - {fileID: 2919605608360811969}
    - {fileID: 4783810949453853720}
    - {fileID: 3414718234421220288}
    - {fileID: 861538889692732826}
    - {fileID: 770868832304972001}
    - {fileID: 1734193153892617444}
    - {fileID: 6893389070332920190}
    - {fileID: 1806707474490441774}
    - {fileID: 6351949036195238401}
    - {fileID: 8330957206954155304}
    - {fileID: 4023137439940459525}
    Colliders:
    - {fileID: 234194805405500340}
    - {fileID: 1354280798409246057}
    - {fileID: 3819803405805443590}
    - {fileID: 8778971539788338988}
    - {fileID: 4605265886843345599}
    - {fileID: 1775040966997305163}
    - {fileID: 354243879654341838}
    - {fileID: 6911679735684463526}
    - {fileID: 1119625467844241497}
    - {fileID: 3527995656756819389}
    - {fileID: 3369034879669434910}
    - {fileID: 3927710702191974684}
    - {fileID: 3577318440996417744}
    - {fileID: 7218640624596284649}
    - {fileID: 3895525438514715354}
    - {fileID: 8213885788205349477}
    SpineRigidBodies: []
  WorldDirectionForce: {x: 0, y: 0, z: 0}
--- !u!1 &8290736297406713867
GameObject:
  m_ObjectHideFlags: 0
  m_CorrespondingSourceObject: {fileID: 0}
  m_PrefabInstance: {fileID: 0}
  m_PrefabAsset: {fileID: 0}
  serializedVersion: 6
  m_Component:
  - component: {fileID: 7173211577335195139}
  m_Layer: 13
  m_Name: IndexFinger_041
  m_TagString: Untagged
  m_Icon: {fileID: 0}
  m_NavMeshLayer: 0
  m_StaticEditorFlags: 0
  m_IsActive: 1
--- !u!4 &7173211577335195139
Transform:
  m_ObjectHideFlags: 0
  m_CorrespondingSourceObject: {fileID: 0}
  m_PrefabInstance: {fileID: 0}
  m_PrefabAsset: {fileID: 0}
  m_GameObject: {fileID: 8290736297406713867}
  m_LocalRotation: {x: -0.004519649, y: -0.028039929, z: -0.15906802, w: 0.986859}
  m_LocalPosition: {x: 0.003779337, y: -0.00000050354004, z: -0.000000013828278}
  m_LocalScale: {x: 1.0000001, y: 0.9999999, z: 1}
  m_Children: []
  m_Father: {fileID: 1602531347631178712}
  m_RootOrder: 0
  m_LocalEulerAnglesHint: {x: 0, y: 0, z: 0}
--- !u!1 &8368095445714422649
GameObject:
  m_ObjectHideFlags: 0
  m_CorrespondingSourceObject: {fileID: 0}
  m_PrefabInstance: {fileID: 0}
  m_PrefabAsset: {fileID: 0}
  serializedVersion: 6
  m_Component:
  - component: {fileID: 876774224161870271}
  m_Layer: 13
  m_Name: Finger_04
  m_TagString: Untagged
  m_Icon: {fileID: 0}
  m_NavMeshLayer: 0
  m_StaticEditorFlags: 0
  m_IsActive: 1
--- !u!4 &876774224161870271
Transform:
  m_ObjectHideFlags: 0
  m_CorrespondingSourceObject: {fileID: 0}
  m_PrefabInstance: {fileID: 0}
  m_PrefabAsset: {fileID: 0}
  m_GameObject: {fileID: 8368095445714422649}
  m_LocalRotation: {x: 0.016646368, y: 0.096525334, z: -0.16913004, w: 0.98071444}
  m_LocalPosition: {x: -0.0030032312, y: -0.000000013351441, z: -9.536744e-10}
  m_LocalScale: {x: 0.99999994, y: 1, z: 0.9999999}
  m_Children: []
  m_Father: {fileID: 5211519131527242881}
  m_RootOrder: 0
  m_LocalEulerAnglesHint: {x: 0, y: 0, z: 0}
--- !u!1 &8431404819221787505
GameObject:
  m_ObjectHideFlags: 0
  m_CorrespondingSourceObject: {fileID: 0}
  m_PrefabInstance: {fileID: 0}
  m_PrefabAsset: {fileID: 0}
  serializedVersion: 6
  m_Component:
  - component: {fileID: 5455607396905732360}
  m_Layer: 13
  m_Name: Finger_01
  m_TagString: Untagged
  m_Icon: {fileID: 0}
  m_NavMeshLayer: 0
  m_StaticEditorFlags: 0
  m_IsActive: 1
--- !u!4 &5455607396905732360
Transform:
  m_ObjectHideFlags: 0
  m_CorrespondingSourceObject: {fileID: 0}
  m_PrefabInstance: {fileID: 0}
  m_PrefabAsset: {fileID: 0}
  m_GameObject: {fileID: 8431404819221787505}
  m_LocalRotation: {x: -0.0027735373, y: -0.20582077, z: 0.077568084, w: 0.9755067}
  m_LocalPosition: {x: -0.009982531, y: -0.00011594964, z: -0.0032833396}
  m_LocalScale: {x: 0.9999998, y: 0.9999998, z: 0.99999994}
  m_Children:
  - {fileID: 1832128828559544721}
  m_Father: {fileID: 5194306540895277733}
  m_RootOrder: 0
  m_LocalEulerAnglesHint: {x: 0, y: 0, z: 0}
--- !u!1 &8783240675768351012
GameObject:
  m_ObjectHideFlags: 0
  m_CorrespondingSourceObject: {fileID: 0}
  m_PrefabInstance: {fileID: 0}
  m_PrefabAsset: {fileID: 0}
  serializedVersion: 6
  m_Component:
  - component: {fileID: 1763429733903658755}
  m_Layer: 13
  m_Name: Thumb_01
  m_TagString: Untagged
  m_Icon: {fileID: 0}
  m_NavMeshLayer: 0
  m_StaticEditorFlags: 0
  m_IsActive: 1
--- !u!4 &1763429733903658755
Transform:
  m_ObjectHideFlags: 0
  m_CorrespondingSourceObject: {fileID: 0}
  m_PrefabInstance: {fileID: 0}
  m_PrefabAsset: {fileID: 0}
  m_GameObject: {fileID: 8783240675768351012}
  m_LocalRotation: {x: 0.04701142, y: 0.13698724, z: 0.05983456, w: 0.9876458}
  m_LocalPosition: {x: -0.0035140468, y: -0.0011706848, z: 0.00450554}
  m_LocalScale: {x: 0.9999999, y: 1, z: 0.9999999}
  m_Children:
  - {fileID: 7967406825927963223}
  m_Father: {fileID: 5194306540895277733}
  m_RootOrder: 2
  m_LocalEulerAnglesHint: {x: 0, y: 0, z: 0}
--- !u!1 &8808152410246978869
GameObject:
  m_ObjectHideFlags: 0
  m_CorrespondingSourceObject: {fileID: 0}
  m_PrefabInstance: {fileID: 0}
  m_PrefabAsset: {fileID: 0}
  serializedVersion: 6
  m_Component:
  - component: {fileID: 1832128828559544721}
  m_Layer: 13
  m_Name: Finger_02
  m_TagString: Untagged
  m_Icon: {fileID: 0}
  m_NavMeshLayer: 0
  m_StaticEditorFlags: 0
  m_IsActive: 1
--- !u!4 &1832128828559544721
Transform:
  m_ObjectHideFlags: 0
  m_CorrespondingSourceObject: {fileID: 0}
  m_PrefabInstance: {fileID: 0}
  m_PrefabAsset: {fileID: 0}
  m_GameObject: {fileID: 8808152410246978869}
  m_LocalRotation: {x: 0.0021661886, y: 0.012493416, z: 0.090516336, w: 0.99581426}
  m_LocalPosition: {x: -0.0042488235, y: 0.00000003051758, z: 0.0000000038146974}
  m_LocalScale: {x: 0.9999999, y: 1.0000002, z: 1}
  m_Children:
  - {fileID: 5211519131527242881}
  m_Father: {fileID: 5455607396905732360}
  m_RootOrder: 0
  m_LocalEulerAnglesHint: {x: 0, y: 0, z: 0}
--- !u!1 &8954518796472549648
GameObject:
  m_ObjectHideFlags: 0
  m_CorrespondingSourceObject: {fileID: 0}
  m_PrefabInstance: {fileID: 0}
  m_PrefabAsset: {fileID: 0}
  serializedVersion: 6
  m_Component:
  - component: {fileID: 7503153873448802478}
  - component: {fileID: 5067650973972260387}
  - component: {fileID: 8778971539788338988}
  - component: {fileID: 5859805796429358660}
  m_Layer: 13
  m_Name: Shoulder_L
  m_TagString: Untagged
  m_Icon: {fileID: 0}
  m_NavMeshLayer: 0
  m_StaticEditorFlags: 0
  m_IsActive: 1
--- !u!4 &7503153873448802478
Transform:
  m_ObjectHideFlags: 0
  m_CorrespondingSourceObject: {fileID: 0}
  m_PrefabInstance: {fileID: 0}
  m_PrefabAsset: {fileID: 0}
  m_GameObject: {fileID: 8954518796472549648}
  m_LocalRotation: {x: 0.17796439, y: 0.24029367, z: 0.65993303, w: 0.6892576}
  m_LocalPosition: {x: -0.013197875, y: 0, z: 0}
  m_LocalScale: {x: 1.0000001, y: 0.99999994, z: 0.9999999}
  m_Children:
  - {fileID: 304537724412136524}
  m_Father: {fileID: 7484049381145704574}
  m_RootOrder: 0
  m_LocalEulerAnglesHint: {x: 0, y: 0, z: 0}
--- !u!54 &5067650973972260387
Rigidbody:
  m_ObjectHideFlags: 0
  m_CorrespondingSourceObject: {fileID: 0}
  m_PrefabInstance: {fileID: 0}
  m_PrefabAsset: {fileID: 0}
  m_GameObject: {fileID: 8954518796472549648}
  serializedVersion: 2
  m_Mass: 2.3999999
  m_Drag: 0.3
  m_AngularDrag: 0.3
  m_UseGravity: 0
  m_IsKinematic: 0
  m_Interpolate: 0
  m_Constraints: 0
  m_CollisionDetection: 0
--- !u!136 &8778971539788338988
CapsuleCollider:
  m_ObjectHideFlags: 0
  m_CorrespondingSourceObject: {fileID: 0}
  m_PrefabInstance: {fileID: 0}
  m_PrefabAsset: {fileID: 0}
  m_GameObject: {fileID: 8954518796472549648}
  m_Material: {fileID: 0}
  m_IsTrigger: 0
  m_Enabled: 0
  m_Radius: 0.0073047956
  m_Height: 0.033948004
  m_Direction: 0
  m_Center: {x: -0.016973695, y: -0.00007244945, z: -0.0000718165}
--- !u!144 &5859805796429358660
CharacterJoint:
  m_ObjectHideFlags: 0
  m_CorrespondingSourceObject: {fileID: 0}
  m_PrefabInstance: {fileID: 0}
  m_PrefabAsset: {fileID: 0}
  m_GameObject: {fileID: 8954518796472549648}
  m_ConnectedBody: {fileID: 2026162963808256512}
  m_Anchor: {x: 0, y: 0, z: 0}
  m_Axis: {x: -0.0014798641, y: 0.33652562, z: 0.010166056}
  m_AutoConfigureConnectedAnchor: 1
  m_ConnectedAnchor: {x: -0.023943366, y: -0.004810642, z: 0.019664643}
  serializedVersion: 2
  m_SwingAxis: {x: 0.124065906, y: -0.02941674, z: 0.99183834}
  m_TwistLimitSpring:
    spring: 0
    damper: 0
  m_LowTwistLimit:
    limit: -100
    bounciness: 0
    contactDistance: 0
  m_HighTwistLimit:
    limit: 30
    bounciness: 0
    contactDistance: 0
  m_SwingLimitSpring:
    spring: 0
    damper: 0
  m_Swing1Limit:
    limit: 100
    bounciness: 0
    contactDistance: 0
  m_Swing2Limit:
    limit: 45
    bounciness: 0
    contactDistance: 0
  m_EnableProjection: 1
  m_ProjectionDistance: 0.1
  m_ProjectionAngle: 180
  m_BreakForce: Infinity
  m_BreakTorque: Infinity
  m_EnableCollision: 0
  m_EnablePreprocessing: 0
  m_MassScale: 1
  m_ConnectedMassScale: 1
--- !u!1 &8960537057450082432
GameObject:
  m_ObjectHideFlags: 0
  m_CorrespondingSourceObject: {fileID: 0}
  m_PrefabInstance: {fileID: 0}
  m_PrefabAsset: {fileID: 0}
  serializedVersion: 6
  m_Component:
  - component: {fileID: 192084945514647721}
  m_Layer: 13
  m_Name: Toes_R
  m_TagString: Untagged
  m_Icon: {fileID: 0}
  m_NavMeshLayer: 0
  m_StaticEditorFlags: 0
  m_IsActive: 1
--- !u!4 &192084945514647721
Transform:
  m_ObjectHideFlags: 0
  m_CorrespondingSourceObject: {fileID: 0}
  m_PrefabInstance: {fileID: 0}
  m_PrefabAsset: {fileID: 0}
  m_GameObject: {fileID: 8960537057450082432}
  m_LocalRotation: {x: 1.8841113e-14, y: -0.7071068, z: 1.8841113e-14, w: 0.7071068}
  m_LocalPosition: {x: -0.0072957575, y: 0.00000001525879, z: 0.0000000019073487}
  m_LocalScale: {x: 0.99999994, y: 1, z: 0.99999994}
  m_Children: []
  m_Father: {fileID: 4837464090809686344}
  m_RootOrder: 0
  m_LocalEulerAnglesHint: {x: 0, y: 0, z: 0}
--- !u!1001 &133648447746044742
PrefabInstance:
  m_ObjectHideFlags: 0
  serializedVersion: 2
  m_Modification:
    m_TransformParent: {fileID: 8928211319979065007}
    m_Modifications:
    - target: {fileID: 6172027429642562599, guid: f5f74ed6d85f0824e919eae46506413c,
        type: 3}
      propertyPath: m_LocalPosition.x
      value: 0.079
      objectReference: {fileID: 0}
    - target: {fileID: 6172027429642562599, guid: f5f74ed6d85f0824e919eae46506413c,
        type: 3}
      propertyPath: m_LocalPosition.y
      value: 0.166
      objectReference: {fileID: 0}
    - target: {fileID: 6172027429642562599, guid: f5f74ed6d85f0824e919eae46506413c,
        type: 3}
      propertyPath: m_LocalPosition.z
      value: -0.212
      objectReference: {fileID: 0}
    - target: {fileID: 6172027429642562599, guid: f5f74ed6d85f0824e919eae46506413c,
        type: 3}
      propertyPath: m_LocalRotation.x
      value: 0.6144848
      objectReference: {fileID: 0}
    - target: {fileID: 6172027429642562599, guid: f5f74ed6d85f0824e919eae46506413c,
        type: 3}
      propertyPath: m_LocalRotation.y
      value: -0
      objectReference: {fileID: 0}
    - target: {fileID: 6172027429642562599, guid: f5f74ed6d85f0824e919eae46506413c,
        type: 3}
      propertyPath: m_LocalRotation.z
      value: -0
      objectReference: {fileID: 0}
    - target: {fileID: 6172027429642562599, guid: f5f74ed6d85f0824e919eae46506413c,
        type: 3}
      propertyPath: m_LocalRotation.w
      value: 0.7889287
      objectReference: {fileID: 0}
    - target: {fileID: 6172027429642562599, guid: f5f74ed6d85f0824e919eae46506413c,
        type: 3}
      propertyPath: m_RootOrder
      value: 2
      objectReference: {fileID: 0}
    - target: {fileID: 6172027429642562599, guid: f5f74ed6d85f0824e919eae46506413c,
        type: 3}
      propertyPath: m_LocalEulerAnglesHint.x
      value: 75.829
      objectReference: {fileID: 0}
    - target: {fileID: 6172027429642562599, guid: f5f74ed6d85f0824e919eae46506413c,
        type: 3}
      propertyPath: m_LocalEulerAnglesHint.y
      value: 0
      objectReference: {fileID: 0}
    - target: {fileID: 6172027429642562599, guid: f5f74ed6d85f0824e919eae46506413c,
        type: 3}
      propertyPath: m_LocalEulerAnglesHint.z
      value: 0
      objectReference: {fileID: 0}
    - target: {fileID: 6840020688686790301, guid: f5f74ed6d85f0824e919eae46506413c,
        type: 3}
      propertyPath: m_Name
      value: rope (1)
      objectReference: {fileID: 0}
    - target: {fileID: 6840020688686790301, guid: f5f74ed6d85f0824e919eae46506413c,
        type: 3}
      propertyPath: m_Layer
      value: 13
      objectReference: {fileID: 0}
    m_RemovedComponents: []
  m_SourcePrefab: {fileID: 100100000, guid: f5f74ed6d85f0824e919eae46506413c, type: 3}
--- !u!1 &6860796553671525851 stripped
GameObject:
  m_CorrespondingSourceObject: {fileID: 6840020688686790301, guid: f5f74ed6d85f0824e919eae46506413c,
    type: 3}
  m_PrefabInstance: {fileID: 133648447746044742}
  m_PrefabAsset: {fileID: 0}
--- !u!4 &6088201152558571361 stripped
Transform:
  m_CorrespondingSourceObject: {fileID: 6172027429642562599, guid: f5f74ed6d85f0824e919eae46506413c,
    type: 3}
  m_PrefabInstance: {fileID: 133648447746044742}
  m_PrefabAsset: {fileID: 0}
