%YAML 1.1
%TAG !u! tag:unity3d.com,2011:
--- !u!136 &2145064642
CapsuleCollider:
  m_ObjectHideFlags: 0
  m_CorrespondingSourceObject: {fileID: 0}
  m_PrefabInstance: {fileID: 0}
  m_PrefabAsset: {fileID: 0}
  m_GameObject: {fileID: 8172940489403533889}
  m_Material: {fileID: 0}
  m_IsTrigger: 1
  m_Enabled: 1
  m_Radius: 0.3
  m_Height: 2
  m_Direction: 1
  m_Center: {x: 0, y: 1, z: 0}
--- !u!54 &360761431
Rigidbody:
  m_ObjectHideFlags: 0
  m_CorrespondingSourceObject: {fileID: 0}
  m_PrefabInstance: {fileID: 0}
  m_PrefabAsset: {fileID: 0}
  m_GameObject: {fileID: 2664872141373442081}
  serializedVersion: 2
  m_Mass: 12
  m_Drag: 0.3
  m_AngularDrag: 0.3
  m_UseGravity: 1
  m_IsKinematic: 0
  m_Interpolate: 0
  m_Constraints: 0
  m_CollisionDetection: 0
--- !u!65 &360761432
BoxCollider:
  m_ObjectHideFlags: 0
  m_CorrespondingSourceObject: {fileID: 0}
  m_PrefabInstance: {fileID: 0}
  m_PrefabAsset: {fileID: 0}
  m_GameObject: {fileID: 2664872141373442081}
  m_Material: {fileID: 0}
  m_IsTrigger: 0
  m_Enabled: 1
  serializedVersion: 2
  m_Size: {x: 0.026169669, y: 0.034295022, z: 0.032}
  m_Center: {x: -0.0060820626, y: -0.00009230338, z: 0}
--- !u!54 &360761442
Rigidbody:
  m_ObjectHideFlags: 0
  m_CorrespondingSourceObject: {fileID: 0}
  m_PrefabInstance: {fileID: 0}
  m_PrefabAsset: {fileID: 0}
  m_GameObject: {fileID: 3138585802504280152}
  serializedVersion: 2
  m_Mass: 12
  m_Drag: 0.3
  m_AngularDrag: 0.3
  m_UseGravity: 1
  m_IsKinematic: 0
  m_Interpolate: 0
  m_Constraints: 0
  m_CollisionDetection: 0
--- !u!65 &360761443
BoxCollider:
  m_ObjectHideFlags: 0
  m_CorrespondingSourceObject: {fileID: 0}
  m_PrefabInstance: {fileID: 0}
  m_PrefabAsset: {fileID: 0}
  m_GameObject: {fileID: 3138585802504280152}
  m_Material: {fileID: 0}
  m_IsTrigger: 0
  m_Enabled: 1
  serializedVersion: 2
  m_Size: {x: 0.029545028, y: 0.03266636, z: 0.034}
  m_Center: {x: -0.010424595, y: -0.001493193, z: 3.9190113e-17}
--- !u!144 &360761444
CharacterJoint:
  m_ObjectHideFlags: 0
  m_CorrespondingSourceObject: {fileID: 0}
  m_PrefabInstance: {fileID: 0}
  m_PrefabAsset: {fileID: 0}
  m_GameObject: {fileID: 3138585802504280152}
  m_ConnectedBody: {fileID: 360761431}
  m_Anchor: {x: 0, y: 0, z: 0}
  m_Axis: {x: -3.7972318e-15, y: 2.6419805e-16, z: -1}
  m_AutoConfigureConnectedAnchor: 1
  m_ConnectedAnchor: {x: -0.02818375, y: 0.0036005601, z: 0}
  serializedVersion: 2
  m_SwingAxis: {x: 0.14608017, y: 0.9892729, z: -2.9333635e-16}
  m_TwistLimitSpring:
    spring: 0
    damper: 0
  m_LowTwistLimit:
    limit: -45
    bounciness: 0
    contactDistance: 0
  m_HighTwistLimit:
    limit: 20
    bounciness: 0
    contactDistance: 0
  m_SwingLimitSpring:
    spring: 0
    damper: 0
  m_Swing1Limit:
    limit: 20
    bounciness: 0
    contactDistance: 0
  m_Swing2Limit:
    limit: 20
    bounciness: 0
    contactDistance: 0
  m_EnableProjection: 1
  m_ProjectionDistance: 0.1
  m_ProjectionAngle: 180
  m_BreakForce: Infinity
  m_BreakTorque: Infinity
  m_EnableCollision: 0
  m_EnablePreprocessing: 0
  m_MassScale: 1
  m_ConnectedMassScale: 1
--- !u!54 &360761460
Rigidbody:
  m_ObjectHideFlags: 0
  m_CorrespondingSourceObject: {fileID: 0}
  m_PrefabInstance: {fileID: 0}
  m_PrefabAsset: {fileID: 0}
  m_GameObject: {fileID: 9044487252877078340}
  serializedVersion: 2
  m_Mass: 2.3999999
  m_Drag: 0.3
  m_AngularDrag: 0.3
  m_UseGravity: 1
  m_IsKinematic: 0
  m_Interpolate: 0
  m_Constraints: 0
  m_CollisionDetection: 0
--- !u!136 &360761461
CapsuleCollider:
  m_ObjectHideFlags: 0
  m_CorrespondingSourceObject: {fileID: 0}
  m_PrefabInstance: {fileID: 0}
  m_PrefabAsset: {fileID: 0}
  m_GameObject: {fileID: 9044487252877078340}
  m_Material: {fileID: 0}
  m_IsTrigger: 0
  m_Enabled: 1
  m_Radius: 0.0073142583
  m_Height: 0.033948034
  m_Direction: 0
  m_Center: {x: -0.01697371, y: -0.000072456576, z: -0.0000718179}
--- !u!144 &360761462
CharacterJoint:
  m_ObjectHideFlags: 0
  m_CorrespondingSourceObject: {fileID: 0}
  m_PrefabInstance: {fileID: 0}
  m_PrefabAsset: {fileID: 0}
  m_GameObject: {fileID: 9044487252877078340}
  m_ConnectedBody: {fileID: 360761442}
  m_Anchor: {x: 0, y: 0, z: 0}
  m_Axis: {x: -0.0015147375, y: 0.33908808, z: 0.015872642}
  m_AutoConfigureConnectedAnchor: 1
  m_ConnectedAnchor: {x: -0.02337183, y: -0.00078566547, z: 0.019098924}
  serializedVersion: 2
  m_SwingAxis: {x: 0.0060692728, y: -0.0467307, z: 0.99888927}
  m_TwistLimitSpring:
    spring: 0
    damper: 0
  m_LowTwistLimit:
    limit: -100
    bounciness: 0
    contactDistance: 0
  m_HighTwistLimit:
    limit: 30
    bounciness: 0
    contactDistance: 0
  m_SwingLimitSpring:
    spring: 0
    damper: 0
  m_Swing1Limit:
    limit: 100
    bounciness: 0
    contactDistance: 0
  m_Swing2Limit:
    limit: 45
    bounciness: 0
    contactDistance: 0
  m_EnableProjection: 1
  m_ProjectionDistance: 0.1
  m_ProjectionAngle: 180
  m_BreakForce: Infinity
  m_BreakTorque: Infinity
  m_EnableCollision: 0
  m_EnablePreprocessing: 0
  m_MassScale: 1
  m_ConnectedMassScale: 1
--- !u!54 &360761457
Rigidbody:
  m_ObjectHideFlags: 0
  m_CorrespondingSourceObject: {fileID: 0}
  m_PrefabInstance: {fileID: 0}
  m_PrefabAsset: {fileID: 0}
  m_GameObject: {fileID: 358012204385708385}
  serializedVersion: 2
  m_Mass: 1.5
  m_Drag: 0.3
  m_AngularDrag: 0.3
  m_UseGravity: 1
  m_IsKinematic: 0
  m_Interpolate: 0
  m_Constraints: 0
  m_CollisionDetection: 0
--- !u!136 &360761458
CapsuleCollider:
  m_ObjectHideFlags: 0
  m_CorrespondingSourceObject: {fileID: 0}
  m_PrefabInstance: {fileID: 0}
  m_PrefabAsset: {fileID: 0}
  m_GameObject: {fileID: 358012204385708385}
  m_Material: {fileID: 0}
  m_IsTrigger: 0
  m_Enabled: 1
  m_Radius: 0.0073142583
  m_Height: 0.02711456
  m_Direction: 0
  m_Center: {x: -0.013557267, y: -0.0000000019736035, z: -0.000019078261}
--- !u!144 &360761459
CharacterJoint:
  m_ObjectHideFlags: 0
  m_CorrespondingSourceObject: {fileID: 0}
  m_PrefabInstance: {fileID: 0}
  m_PrefabAsset: {fileID: 0}
  m_GameObject: {fileID: 358012204385708385}
  m_ConnectedBody: {fileID: 360761460}
  m_Anchor: {x: 0, y: 0, z: 0}
  m_Axis: {x: -0.00001755543, y: 0.27018917, z: 0.012491839}
  m_AutoConfigureConnectedAnchor: 1
  m_ConnectedAnchor: {x: -0.0339474, y: -0.00014490349, z: -0.00014363417}
  serializedVersion: 2
  m_SwingAxis: {x: -0.071539335, y: -0.046070665, z: 0.9963734}
  m_TwistLimitSpring:
    spring: 0
    damper: 0
  m_LowTwistLimit:
    limit: -120
    bounciness: 0
    contactDistance: 0
  m_HighTwistLimit:
    limit: 0
    bounciness: 0
    contactDistance: 0
  m_SwingLimitSpring:
    spring: 0
    damper: 0
  m_Swing1Limit:
    limit: 10
    bounciness: 0
    contactDistance: 0
  m_Swing2Limit:
    limit: 90
    bounciness: 0
    contactDistance: 0
  m_EnableProjection: 1
  m_ProjectionDistance: 0.1
  m_ProjectionAngle: 180
  m_BreakForce: Infinity
  m_BreakTorque: Infinity
  m_EnableCollision: 0
  m_EnablePreprocessing: 0
  m_MassScale: 1
  m_ConnectedMassScale: 1
--- !u!54 &360761463
Rigidbody:
  m_ObjectHideFlags: 0
  m_CorrespondingSourceObject: {fileID: 0}
  m_PrefabInstance: {fileID: 0}
  m_PrefabAsset: {fileID: 0}
  m_GameObject: {fileID: 5713624363827272026}
  serializedVersion: 2
  m_Mass: 0.59999996
  m_Drag: 0.3
  m_AngularDrag: 0.3
  m_UseGravity: 1
  m_IsKinematic: 0
  m_Interpolate: 0
  m_Constraints: 0
  m_CollisionDetection: 0
--- !u!65 &360761455
BoxCollider:
  m_ObjectHideFlags: 0
  m_CorrespondingSourceObject: {fileID: 0}
  m_PrefabInstance: {fileID: 0}
  m_PrefabAsset: {fileID: 0}
  m_GameObject: {fileID: 5713624363827272026}
  m_Material: {fileID: 0}
  m_IsTrigger: 0
  m_Enabled: 1
  serializedVersion: 2
  m_Size: {x: 0.028752683, y: 0.01219043, z: 0.01219043}
  m_Center: {x: -0.010863067, y: -0.00079872226, z: 0.001910816}
--- !u!144 &360761456
CharacterJoint:
  m_ObjectHideFlags: 0
  m_CorrespondingSourceObject: {fileID: 0}
  m_PrefabInstance: {fileID: 0}
  m_PrefabAsset: {fileID: 0}
  m_GameObject: {fileID: 5713624363827272026}
  m_ConnectedBody: {fileID: 360761457}
  m_Anchor: {x: 0, y: 0, z: 0}
  m_Axis: {x: -0.014196866, y: 0.21703064, z: 0.010009376}
  m_AutoConfigureConnectedAnchor: 1
  m_ConnectedAnchor: {x: -0.027114507, y: 0.000000014160378, z: -0.000038149654}
  serializedVersion: 2
  m_SwingAxis: {x: 0.00000015646219, y: -0.046070665, z: 0.99893844}
  m_TwistLimitSpring:
    spring: 0
    damper: 0
  m_LowTwistLimit:
    limit: -90
    bounciness: 0
    contactDistance: 0
  m_HighTwistLimit:
    limit: 90
    bounciness: 0
    contactDistance: 0
  m_SwingLimitSpring:
    spring: 0
    damper: 0
  m_Swing1Limit:
    limit: 90
    bounciness: 0
    contactDistance: 0
  m_Swing2Limit:
    limit: 45
    bounciness: 0
    contactDistance: 0
  m_EnableProjection: 1
  m_ProjectionDistance: 0.1
  m_ProjectionAngle: 180
  m_BreakForce: Infinity
  m_BreakTorque: Infinity
  m_EnableCollision: 0
  m_EnablePreprocessing: 0
  m_MassScale: 1
  m_ConnectedMassScale: 1
--- !u!54 &360761439
Rigidbody:
  m_ObjectHideFlags: 0
  m_CorrespondingSourceObject: {fileID: 0}
  m_PrefabInstance: {fileID: 0}
  m_PrefabAsset: {fileID: 0}
  m_GameObject: {fileID: 7091197156837258747}
  serializedVersion: 2
  m_Mass: 2.3999999
  m_Drag: 0.3
  m_AngularDrag: 0.3
  m_UseGravity: 1
  m_IsKinematic: 0
  m_Interpolate: 0
  m_Constraints: 0
  m_CollisionDetection: 0
--- !u!136 &360761440
CapsuleCollider:
  m_ObjectHideFlags: 0
  m_CorrespondingSourceObject: {fileID: 0}
  m_PrefabInstance: {fileID: 0}
  m_PrefabAsset: {fileID: 0}
  m_GameObject: {fileID: 7091197156837258747}
  m_Material: {fileID: 0}
  m_IsTrigger: 0
  m_Enabled: 1
  m_Radius: 0.0073142597
  m_Height: 0.033948053
  m_Direction: 0
  m_Center: {x: 0.01697372, y: 0.0000723931, z: 0.00007181725}
--- !u!144 &360761441
CharacterJoint:
  m_ObjectHideFlags: 0
  m_CorrespondingSourceObject: {fileID: 0}
  m_PrefabInstance: {fileID: 0}
  m_PrefabAsset: {fileID: 0}
  m_GameObject: {fileID: 7091197156837258747}
  m_ConnectedBody: {fileID: 360761442}
  m_Anchor: {x: 0, y: 0, z: 0}
  m_Axis: {x: 0.0015134839, y: -0.33908898, z: -0.01587268}
  m_AutoConfigureConnectedAnchor: 1
  m_ConnectedAnchor: {x: -0.023371547, y: -0.00078570924, z: -0.0190989}
  serializedVersion: 2
  m_SwingAxis: {x: -0.0060689747, y: 0.04673074, z: -0.9988894}
  m_TwistLimitSpring:
    spring: 0
    damper: 0
  m_LowTwistLimit:
    limit: -30
    bounciness: 0
    contactDistance: 0
  m_HighTwistLimit:
    limit: 100
    bounciness: 0
    contactDistance: 0
  m_SwingLimitSpring:
    spring: 0
    damper: 0
  m_Swing1Limit:
    limit: 100
    bounciness: 0
    contactDistance: 0
  m_Swing2Limit:
    limit: 45
    bounciness: 0
    contactDistance: 0
  m_EnableProjection: 1
  m_ProjectionDistance: 0.1
  m_ProjectionAngle: 180
  m_BreakForce: Infinity
  m_BreakTorque: Infinity
  m_EnableCollision: 0
  m_EnablePreprocessing: 0
  m_MassScale: 1
  m_ConnectedMassScale: 1
--- !u!54 &360761436
Rigidbody:
  m_ObjectHideFlags: 0
  m_CorrespondingSourceObject: {fileID: 0}
  m_PrefabInstance: {fileID: 0}
  m_PrefabAsset: {fileID: 0}
  m_GameObject: {fileID: 3680669191094566184}
  serializedVersion: 2
  m_Mass: 1.5
  m_Drag: 0.3
  m_AngularDrag: 0.3
  m_UseGravity: 1
  m_IsKinematic: 0
  m_Interpolate: 0
  m_Constraints: 0
  m_CollisionDetection: 0
--- !u!136 &360761437
CapsuleCollider:
  m_ObjectHideFlags: 0
  m_CorrespondingSourceObject: {fileID: 0}
  m_PrefabInstance: {fileID: 0}
  m_PrefabAsset: {fileID: 0}
  m_GameObject: {fileID: 3680669191094566184}
  m_Material: {fileID: 0}
  m_IsTrigger: 0
  m_Enabled: 1
  m_Radius: 0.0073142597
  m_Height: 0.027114524
  m_Direction: 0
  m_Center: {x: 0.013557249, y: -0.000000018103949, z: 0.000019073974}
--- !u!144 &360761438
CharacterJoint:
  m_ObjectHideFlags: 0
  m_CorrespondingSourceObject: {fileID: 0}
  m_PrefabInstance: {fileID: 0}
  m_PrefabAsset: {fileID: 0}
  m_GameObject: {fileID: 3680669191094566184}
  m_ConnectedBody: {fileID: 360761439}
  m_Anchor: {x: 0, y: 0, z: 0}
  m_Axis: {x: 0.0000173226, y: -0.27018917, z: -0.012491871}
  m_AutoConfigureConnectedAnchor: 1
  m_ConnectedAnchor: {x: 0.03394745, y: 0.00014478643, z: 0.00014362647}
  serializedVersion: 2
  m_SwingAxis: {x: 0.07153964, y: 0.046070732, z: -0.9963735}
  m_TwistLimitSpring:
    spring: 0
    damper: 0
  m_LowTwistLimit:
    limit: 0
    bounciness: 0
    contactDistance: 0
  m_HighTwistLimit:
    limit: 120
    bounciness: 0
    contactDistance: 0
  m_SwingLimitSpring:
    spring: 0
    damper: 0
  m_Swing1Limit:
    limit: 10
    bounciness: 0
    contactDistance: 0
  m_Swing2Limit:
    limit: 90
    bounciness: 0
    contactDistance: 0
  m_EnableProjection: 1
  m_ProjectionDistance: 0.1
  m_ProjectionAngle: 180
  m_BreakForce: Infinity
  m_BreakTorque: Infinity
  m_EnableCollision: 0
  m_EnablePreprocessing: 0
  m_MassScale: 1
  m_ConnectedMassScale: 1
--- !u!54 &360761445
Rigidbody:
  m_ObjectHideFlags: 0
  m_CorrespondingSourceObject: {fileID: 0}
  m_PrefabInstance: {fileID: 0}
  m_PrefabAsset: {fileID: 0}
  m_GameObject: {fileID: 2672164069965855679}
  serializedVersion: 2
  m_Mass: 0.59999996
  m_Drag: 0.3
  m_AngularDrag: 0.3
  m_UseGravity: 1
  m_IsKinematic: 0
  m_Interpolate: 0
  m_Constraints: 0
  m_CollisionDetection: 0
--- !u!65 &360761434
BoxCollider:
  m_ObjectHideFlags: 0
  m_CorrespondingSourceObject: {fileID: 0}
  m_PrefabInstance: {fileID: 0}
  m_PrefabAsset: {fileID: 0}
  m_GameObject: {fileID: 2672164069965855679}
  m_Material: {fileID: 0}
  m_IsTrigger: 0
  m_Enabled: 1
  serializedVersion: 2
  m_Size: {x: 0.028752169, y: 0.012190433, z: 0.012190433}
  m_Center: {x: 0.010862885, y: 0.00079850416, z: -0.0019107981}
--- !u!144 &360761435
CharacterJoint:
  m_ObjectHideFlags: 0
  m_CorrespondingSourceObject: {fileID: 0}
  m_PrefabInstance: {fileID: 0}
  m_PrefabAsset: {fileID: 0}
  m_GameObject: {fileID: 2672164069965855679}
  m_ConnectedBody: {fileID: 360761436}
  m_Anchor: {x: 0, y: 0, z: 0}
  m_Axis: {x: 0.014192609, y: -0.2170268, z: -0.010009193}
  m_AutoConfigureConnectedAnchor: 1
  m_ConnectedAnchor: {x: 0.027114483, y: -0.000000023682336, z: 0.00003812882}
  serializedVersion: 2
  m_SwingAxis: {x: 0.00000014156103, y: 0.046070732, z: -0.99893844}
  m_TwistLimitSpring:
    spring: 0
    damper: 0
  m_LowTwistLimit:
    limit: -90
    bounciness: 0
    contactDistance: 0
  m_HighTwistLimit:
    limit: 90
    bounciness: 0
    contactDistance: 0
  m_SwingLimitSpring:
    spring: 0
    damper: 0
  m_Swing1Limit:
    limit: 90
    bounciness: 0
    contactDistance: 0
  m_Swing2Limit:
    limit: 45
    bounciness: 0
    contactDistance: 0
  m_EnableProjection: 1
  m_ProjectionDistance: 0.1
  m_ProjectionAngle: 180
  m_BreakForce: Infinity
  m_BreakTorque: Infinity
  m_EnableCollision: 0
  m_EnablePreprocessing: 0
  m_MassScale: 1
  m_ConnectedMassScale: 1
--- !u!54 &360761466
Rigidbody:
  m_ObjectHideFlags: 0
  m_CorrespondingSourceObject: {fileID: 0}
  m_PrefabInstance: {fileID: 0}
  m_PrefabAsset: {fileID: 0}
  m_GameObject: {fileID: 1285036457528948540}
  serializedVersion: 2
  m_Mass: 3
  m_Drag: 0.3
  m_AngularDrag: 0.3
  m_UseGravity: 1
  m_IsKinematic: 0
  m_Interpolate: 0
  m_Constraints: 0
  m_CollisionDetection: 0
--- !u!135 &360761464
SphereCollider:
  m_ObjectHideFlags: 0
  m_CorrespondingSourceObject: {fileID: 0}
  m_PrefabInstance: {fileID: 0}
  m_PrefabAsset: {fileID: 0}
  m_GameObject: {fileID: 1285036457528948540}
  m_Material: {fileID: 0}
  m_IsTrigger: 0
  m_Enabled: 1
  serializedVersion: 2
  m_Radius: 0.015
  m_Center: {x: 0, y: 0.01, z: 0}
--- !u!144 &360761465
CharacterJoint:
  m_ObjectHideFlags: 0
  m_CorrespondingSourceObject: {fileID: 0}
  m_PrefabInstance: {fileID: 0}
  m_PrefabAsset: {fileID: 0}
  m_GameObject: {fileID: 1285036457528948540}
  m_ConnectedBody: {fileID: 360761442}
  m_Anchor: {x: 0, y: 0, z: 0}
  m_Axis: {x: 1, y: 4.593064e-15, z: 0}
  m_AutoConfigureConnectedAnchor: 1
  m_ConnectedAnchor: {x: -0.040415425, y: 0.006136615, z: -4.798759e-16}
  serializedVersion: 2
  m_SwingAxis: {x: 3.875702e-16, y: 0, z: 1.0000001}
  m_TwistLimitSpring:
    spring: 0
    damper: 0
  m_LowTwistLimit:
    limit: -45
    bounciness: 0
    contactDistance: 0
  m_HighTwistLimit:
    limit: 20
    bounciness: 0
    contactDistance: 0
  m_SwingLimitSpring:
    spring: 0
    damper: 0
  m_Swing1Limit:
    limit: 20
    bounciness: 0
    contactDistance: 0
  m_Swing2Limit:
    limit: 20
    bounciness: 0
    contactDistance: 0
  m_EnableProjection: 1
  m_ProjectionDistance: 0.1
  m_ProjectionAngle: 180
  m_BreakForce: Infinity
  m_BreakTorque: Infinity
  m_EnableCollision: 0
  m_EnablePreprocessing: 0
  m_MassScale: 1
  m_ConnectedMassScale: 1
--- !u!54 &360761451
Rigidbody:
  m_ObjectHideFlags: 0
  m_CorrespondingSourceObject: {fileID: 0}
  m_PrefabInstance: {fileID: 0}
  m_PrefabAsset: {fileID: 0}
  m_GameObject: {fileID: 8006588388214250845}
  serializedVersion: 2
  m_Mass: 6
  m_Drag: 0.3
  m_AngularDrag: 0.3
  m_UseGravity: 1
  m_IsKinematic: 0
  m_Interpolate: 0
  m_Constraints: 0
  m_CollisionDetection: 0
--- !u!136 &360761452
CapsuleCollider:
  m_ObjectHideFlags: 0
  m_CorrespondingSourceObject: {fileID: 0}
  m_PrefabInstance: {fileID: 0}
  m_PrefabAsset: {fileID: 0}
  m_GameObject: {fileID: 8006588388214250845}
  m_Material: {fileID: 0}
  m_IsTrigger: 0
  m_Enabled: 1
  m_Radius: 0.009314298
  m_Height: 0.039930936
  m_Direction: 0
  m_Center: {x: 0.019965468, y: -0.000000012107195, z: -0.000000005122274}
--- !u!144 &360761453
CharacterJoint:
  m_ObjectHideFlags: 0
  m_CorrespondingSourceObject: {fileID: 0}
  m_PrefabInstance: {fileID: 0}
  m_PrefabAsset: {fileID: 0}
  m_GameObject: {fileID: 8006588388214250845}
  m_ConnectedBody: {fileID: 360761431}
  m_Anchor: {x: 0, y: 0, z: 0}
  m_Axis: {x: -0.031741116, y: 0.99949616, z: 0.00000011920929}
  m_AutoConfigureConnectedAnchor: 1
  m_ConnectedAnchor: {x: 0.0041157873, y: -0.0026920747, z: 0.0098967105}
  serializedVersion: 2
  m_SwingAxis: {x: 0.000000029802322, y: -0.00000011920929, z: 1.0000001}
  m_TwistLimitSpring:
    spring: 0
    damper: 0
  m_LowTwistLimit:
    limit: -10
    bounciness: 0
    contactDistance: 0
  m_HighTwistLimit:
    limit: 120
    bounciness: 0
    contactDistance: 0
  m_SwingLimitSpring:
    spring: 0
    damper: 0
  m_Swing1Limit:
    limit: 90
    bounciness: 0
    contactDistance: 0
  m_Swing2Limit:
    limit: 20
    bounciness: 0
    contactDistance: 0
  m_EnableProjection: 1
  m_ProjectionDistance: 0.1
  m_ProjectionAngle: 180
  m_BreakForce: Infinity
  m_BreakTorque: Infinity
  m_EnableCollision: 0
  m_EnablePreprocessing: 0
  m_MassScale: 1
  m_ConnectedMassScale: 1
--- !u!54 &360761448
Rigidbody:
  m_ObjectHideFlags: 0
  m_CorrespondingSourceObject: {fileID: 0}
  m_PrefabInstance: {fileID: 0}
  m_PrefabAsset: {fileID: 0}
  m_GameObject: {fileID: 2756093464617834262}
  serializedVersion: 2
  m_Mass: 4.5
  m_Drag: 0.3
  m_AngularDrag: 0.3
  m_UseGravity: 1
  m_IsKinematic: 0
  m_Interpolate: 0
  m_Constraints: 0
  m_CollisionDetection: 0
--- !u!136 &360761449
CapsuleCollider:
  m_ObjectHideFlags: 0
  m_CorrespondingSourceObject: {fileID: 0}
  m_PrefabInstance: {fileID: 0}
  m_PrefabAsset: {fileID: 0}
  m_GameObject: {fileID: 2756093464617834262}
  m_Material: {fileID: 0}
  m_IsTrigger: 0
  m_Enabled: 1
  m_Radius: 0.009314298
  m_Height: 0.037712302
  m_Direction: 0
  m_Center: {x: 0.018856151, y: 0.0000000032596286, z: -0.000000052357784}
--- !u!144 &360761450
CharacterJoint:
  m_ObjectHideFlags: 0
  m_CorrespondingSourceObject: {fileID: 0}
  m_PrefabInstance: {fileID: 0}
  m_PrefabAsset: {fileID: 0}
  m_GameObject: {fileID: 2756093464617834262}
  m_ConnectedBody: {fileID: 360761451}
  m_Anchor: {x: 0, y: 0, z: 0}
  m_Axis: {x: -0.007429544, y: 0.16819388, z: -0.98572606}
  m_AutoConfigureConnectedAnchor: 1
  m_ConnectedAnchor: {x: 0.039930947, y: -0.00000003818423, z: 0.0000000027939677}
  serializedVersion: 2
  m_SwingAxis: {x: -0.04349952, y: 0.9847658, z: 0.16835785}
  m_TwistLimitSpring:
    spring: 0
    damper: 0
  m_LowTwistLimit:
    limit: -120
    bounciness: 0
    contactDistance: 0
  m_HighTwistLimit:
    limit: 0
    bounciness: 0
    contactDistance: 0
  m_SwingLimitSpring:
    spring: 0
    damper: 0
  m_Swing1Limit:
    limit: 10
    bounciness: 0
    contactDistance: 0
  m_Swing2Limit:
    limit: 20
    bounciness: 0
    contactDistance: 0
  m_EnableProjection: 1
  m_ProjectionDistance: 0.1
  m_ProjectionAngle: 180
  m_BreakForce: Infinity
  m_BreakTorque: Infinity
  m_EnableCollision: 0
  m_EnablePreprocessing: 0
  m_MassScale: 1
  m_ConnectedMassScale: 1
--- !u!54 &360761454
Rigidbody:
  m_ObjectHideFlags: 0
  m_CorrespondingSourceObject: {fileID: 0}
  m_PrefabInstance: {fileID: 0}
  m_PrefabAsset: {fileID: 0}
  m_GameObject: {fileID: 6892947458553222691}
  serializedVersion: 2
  m_Mass: 1.5
  m_Drag: 0.3
  m_AngularDrag: 0.3
  m_UseGravity: 1
  m_IsKinematic: 0
  m_Interpolate: 0
  m_Constraints: 0
  m_CollisionDetection: 0
--- !u!65 &360761446
BoxCollider:
  m_ObjectHideFlags: 0
  m_CorrespondingSourceObject: {fileID: 0}
  m_PrefabInstance: {fileID: 0}
  m_PrefabAsset: {fileID: 0}
  m_GameObject: {fileID: 6892947458553222691}
  m_Material: {fileID: 0}
  m_IsTrigger: 0
  m_Enabled: 1
  serializedVersion: 2
  m_Size: {x: 0.023298668, y: 0.01552383, z: 0.01552383}
  m_Center: {x: 0.008757977, y: -0.001896796, z: 0.0000000103609645}
--- !u!144 &360761447
CharacterJoint:
  m_ObjectHideFlags: 0
  m_CorrespondingSourceObject: {fileID: 0}
  m_PrefabInstance: {fileID: 0}
  m_PrefabAsset: {fileID: 0}
  m_GameObject: {fileID: 6892947458553222691}
  m_ConnectedBody: {fileID: 360761448}
  m_Anchor: {x: 0, y: 0, z: 0}
  m_Axis: {x: 0.00000006263144, y: 0, z: 1.0000002}
  m_AutoConfigureConnectedAnchor: 1
  m_ConnectedAnchor: {x: 0.03771231, y: 0.000000013038514, z: -0.000000085565254}
  serializedVersion: 2
  m_SwingAxis: {x: 0.85418314, y: -0.5199727, z: -0.000000014901161}
  m_TwistLimitSpring:
    spring: 0
    damper: 0
  m_LowTwistLimit:
    limit: -70
    bounciness: 0
    contactDistance: 0
  m_HighTwistLimit:
    limit: 70
    bounciness: 0
    contactDistance: 0
  m_SwingLimitSpring:
    spring: 0
    damper: 0
  m_Swing1Limit:
    limit: 45
    bounciness: 0
    contactDistance: 0
  m_Swing2Limit:
    limit: 20
    bounciness: 0
    contactDistance: 0
  m_EnableProjection: 1
  m_ProjectionDistance: 0.1
  m_ProjectionAngle: 180
  m_BreakForce: Infinity
  m_BreakTorque: Infinity
  m_EnableCollision: 0
  m_EnablePreprocessing: 0
  m_MassScale: 1
  m_ConnectedMassScale: 1
--- !u!54 &360761428
Rigidbody:
  m_ObjectHideFlags: 0
  m_CorrespondingSourceObject: {fileID: 0}
  m_PrefabInstance: {fileID: 0}
  m_PrefabAsset: {fileID: 0}
  m_GameObject: {fileID: 2629599390567036422}
  serializedVersion: 2
  m_Mass: 6
  m_Drag: 0.3
  m_AngularDrag: 0.3
  m_UseGravity: 1
  m_IsKinematic: 0
  m_Interpolate: 0
  m_Constraints: 0
  m_CollisionDetection: 0
--- !u!136 &360761429
CapsuleCollider:
  m_ObjectHideFlags: 0
  m_CorrespondingSourceObject: {fileID: 0}
  m_PrefabInstance: {fileID: 0}
  m_PrefabAsset: {fileID: 0}
  m_GameObject: {fileID: 2629599390567036422}
  m_Material: {fileID: 0}
  m_IsTrigger: 0
  m_Enabled: 1
  m_Radius: 0.009314301
  m_Height: 0.03993092
  m_Direction: 0
  m_Center: {x: -0.01996546, y: 0.000000014901163, z: 0.000000007916242}
--- !u!144 &360761430
CharacterJoint:
  m_ObjectHideFlags: 0
  m_CorrespondingSourceObject: {fileID: 0}
  m_PrefabInstance: {fileID: 0}
  m_PrefabAsset: {fileID: 0}
  m_GameObject: {fileID: 2629599390567036422}
  m_ConnectedBody: {fileID: 360761431}
  m_Anchor: {x: 0, y: 0, z: 0}
  m_Axis: {x: -0.03174112, y: 0.99949616, z: 0.00000011920929}
  m_AutoConfigureConnectedAnchor: 1
  m_ConnectedAnchor: {x: 0.004115766, y: -0.00269207, z: -0.009896706}
  serializedVersion: 2
  m_SwingAxis: {x: -0.000000059604645, y: 0, z: -1.0000001}
  m_TwistLimitSpring:
    spring: 0
    damper: 0
  m_LowTwistLimit:
    limit: -10
    bounciness: 0
    contactDistance: 0
  m_HighTwistLimit:
    limit: 120
    bounciness: 0
    contactDistance: 0
  m_SwingLimitSpring:
    spring: 0
    damper: 0
  m_Swing1Limit:
    limit: 90
    bounciness: 0
    contactDistance: 0
  m_Swing2Limit:
    limit: 20
    bounciness: 0
    contactDistance: 0
  m_EnableProjection: 1
  m_ProjectionDistance: 0.1
  m_ProjectionAngle: 180
  m_BreakForce: Infinity
  m_BreakTorque: Infinity
  m_EnableCollision: 0
  m_EnablePreprocessing: 0
  m_MassScale: 1
  m_ConnectedMassScale: 1
--- !u!54 &360761425
Rigidbody:
  m_ObjectHideFlags: 0
  m_CorrespondingSourceObject: {fileID: 0}
  m_PrefabInstance: {fileID: 0}
  m_PrefabAsset: {fileID: 0}
  m_GameObject: {fileID: 3029634221724565928}
  serializedVersion: 2
  m_Mass: 4.5
  m_Drag: 0.3
  m_AngularDrag: 0.3
  m_UseGravity: 1
  m_IsKinematic: 0
  m_Interpolate: 0
  m_Constraints: 0
  m_CollisionDetection: 0
--- !u!136 &360761426
CapsuleCollider:
  m_ObjectHideFlags: 0
  m_CorrespondingSourceObject: {fileID: 0}
  m_PrefabInstance: {fileID: 0}
  m_PrefabAsset: {fileID: 0}
  m_GameObject: {fileID: 3029634221724565928}
  m_Material: {fileID: 0}
  m_IsTrigger: 0
  m_Enabled: 1
  m_Radius: 0.009314301
  m_Height: 0.03771236
  m_Direction: 0
  m_Center: {x: -0.01885618, y: 0.000000009546057, z: -0.000000016036209}
--- !u!144 &360761427
CharacterJoint:
  m_ObjectHideFlags: 0
  m_CorrespondingSourceObject: {fileID: 0}
  m_PrefabInstance: {fileID: 0}
  m_PrefabAsset: {fileID: 0}
  m_GameObject: {fileID: 3029634221724565928}
  m_ConnectedBody: {fileID: 360761428}
  m_Anchor: {x: 0, y: 0, z: 0}
  m_Axis: {x: -0.0074295476, y: 0.16819388, z: -0.98572606}
  m_AutoConfigureConnectedAnchor: 1
  m_ConnectedAnchor: {x: -0.039930925, y: 9.313227e-10, z: 4.656613e-10}
  serializedVersion: 2
  m_SwingAxis: {x: 0.043499485, y: -0.9847658, z: -0.16835773}
  m_TwistLimitSpring:
    spring: 0
    damper: 0
  m_LowTwistLimit:
    limit: -120
    bounciness: 0
    contactDistance: 0
  m_HighTwistLimit:
    limit: 0
    bounciness: 0
    contactDistance: 0
  m_SwingLimitSpring:
    spring: 0
    damper: 0
  m_Swing1Limit:
    limit: 10
    bounciness: 0
    contactDistance: 0
  m_Swing2Limit:
    limit: 20
    bounciness: 0
    contactDistance: 0
  m_EnableProjection: 1
  m_ProjectionDistance: 0.1
  m_ProjectionAngle: 180
  m_BreakForce: Infinity
  m_BreakTorque: Infinity
  m_EnableCollision: 0
  m_EnablePreprocessing: 0
  m_MassScale: 1
  m_ConnectedMassScale: 1
--- !u!54 &360761433
Rigidbody:
  m_ObjectHideFlags: 0
  m_CorrespondingSourceObject: {fileID: 0}
  m_PrefabInstance: {fileID: 0}
  m_PrefabAsset: {fileID: 0}
  m_GameObject: {fileID: 452708783104443096}
  serializedVersion: 2
  m_Mass: 1.5
  m_Drag: 0.3
  m_AngularDrag: 0.3
  m_UseGravity: 1
  m_IsKinematic: 0
  m_Interpolate: 0
  m_Constraints: 0
  m_CollisionDetection: 0
--- !u!65 &360761423
BoxCollider:
  m_ObjectHideFlags: 0
  m_CorrespondingSourceObject: {fileID: 0}
  m_PrefabInstance: {fileID: 0}
  m_PrefabAsset: {fileID: 0}
  m_GameObject: {fileID: 452708783104443096}
  m_Material: {fileID: 0}
  m_IsTrigger: 0
  m_Enabled: 1
  serializedVersion: 2
  m_Size: {x: 0.023298675, y: 0.015523836, z: 0.015523836}
  m_Center: {x: -0.008757984, y: 0.001896776, z: 0.000000016065314}
--- !u!144 &360761424
CharacterJoint:
  m_ObjectHideFlags: 0
  m_CorrespondingSourceObject: {fileID: 0}
  m_PrefabInstance: {fileID: 0}
  m_PrefabAsset: {fileID: 0}
  m_GameObject: {fileID: 452708783104443096}
  m_ConnectedBody: {fileID: 360761425}
  m_Anchor: {x: 0, y: 0, z: 0}
  m_Axis: {x: 0.0000000607688, y: 0, z: 1.0000002}
  m_AutoConfigureConnectedAnchor: 1
  m_ConnectedAnchor: {x: -0.03771238, y: 0.0000000037252907, z: -0.0000000011059454}
  serializedVersion: 2
  m_SwingAxis: {x: -0.8541831, y: 0.5199727, z: -0.00000010430813}
  m_TwistLimitSpring:
    spring: 0
    damper: 0
  m_LowTwistLimit:
    limit: -70
    bounciness: 0
    contactDistance: 0
  m_HighTwistLimit:
    limit: 70
    bounciness: 0
    contactDistance: 0
  m_SwingLimitSpring:
    spring: 0
    damper: 0
  m_Swing1Limit:
    limit: 45
    bounciness: 0
    contactDistance: 0
  m_Swing2Limit:
    limit: 20
    bounciness: 0
    contactDistance: 0
  m_EnableProjection: 1
  m_ProjectionDistance: 0.1
  m_ProjectionAngle: 180
  m_BreakForce: Infinity
  m_BreakTorque: Infinity
  m_EnableCollision: 0
  m_EnablePreprocessing: 0
  m_MassScale: 1
  m_ConnectedMassScale: 1
--- !u!1001 &9056026106544731920
PrefabInstance:
  m_ObjectHideFlags: 0
  serializedVersion: 2
  m_Modification:
    m_TransformParent: {fileID: 0}
    m_Modifications:
    - target: {fileID: -8679921383154817045, guid: dd7e7297132bdd44590b2e4ba04a6d8b,
        type: 3}
      propertyPath: m_LocalPosition.x
      value: 0
      objectReference: {fileID: 0}
    - target: {fileID: -8679921383154817045, guid: dd7e7297132bdd44590b2e4ba04a6d8b,
        type: 3}
      propertyPath: m_LocalPosition.y
      value: 0
      objectReference: {fileID: 0}
    - target: {fileID: -8679921383154817045, guid: dd7e7297132bdd44590b2e4ba04a6d8b,
        type: 3}
      propertyPath: m_LocalPosition.z
      value: 0
      objectReference: {fileID: 0}
    - target: {fileID: -8679921383154817045, guid: dd7e7297132bdd44590b2e4ba04a6d8b,
        type: 3}
      propertyPath: m_LocalRotation.x
      value: 0
      objectReference: {fileID: 0}
    - target: {fileID: -8679921383154817045, guid: dd7e7297132bdd44590b2e4ba04a6d8b,
        type: 3}
      propertyPath: m_LocalRotation.y
      value: 0
      objectReference: {fileID: 0}
    - target: {fileID: -8679921383154817045, guid: dd7e7297132bdd44590b2e4ba04a6d8b,
        type: 3}
      propertyPath: m_LocalRotation.z
      value: 0
      objectReference: {fileID: 0}
    - target: {fileID: -8679921383154817045, guid: dd7e7297132bdd44590b2e4ba04a6d8b,
        type: 3}
      propertyPath: m_LocalRotation.w
      value: 1
      objectReference: {fileID: 0}
    - target: {fileID: -8679921383154817045, guid: dd7e7297132bdd44590b2e4ba04a6d8b,
        type: 3}
      propertyPath: m_RootOrder
      value: 0
      objectReference: {fileID: 0}
    - target: {fileID: -8679921383154817045, guid: dd7e7297132bdd44590b2e4ba04a6d8b,
        type: 3}
      propertyPath: m_LocalEulerAnglesHint.x
      value: 0
      objectReference: {fileID: 0}
    - target: {fileID: -8679921383154817045, guid: dd7e7297132bdd44590b2e4ba04a6d8b,
        type: 3}
      propertyPath: m_LocalEulerAnglesHint.y
      value: 0
      objectReference: {fileID: 0}
    - target: {fileID: -8679921383154817045, guid: dd7e7297132bdd44590b2e4ba04a6d8b,
        type: 3}
      propertyPath: m_LocalEulerAnglesHint.z
      value: 0
      objectReference: {fileID: 0}
    - target: {fileID: -7553881871186237260, guid: dd7e7297132bdd44590b2e4ba04a6d8b,
        type: 3}
      propertyPath: m_LocalScale.x
      value: 1
      objectReference: {fileID: 0}
    - target: {fileID: -7553881871186237260, guid: dd7e7297132bdd44590b2e4ba04a6d8b,
        type: 3}
      propertyPath: m_LocalScale.y
      value: 1
      objectReference: {fileID: 0}
    - target: {fileID: -7553881871186237260, guid: dd7e7297132bdd44590b2e4ba04a6d8b,
        type: 3}
      propertyPath: m_LocalScale.z
      value: 1
      objectReference: {fileID: 0}
    - target: {fileID: 919132149155446097, guid: dd7e7297132bdd44590b2e4ba04a6d8b,
        type: 3}
      propertyPath: m_Name
      value: enemy_2
      objectReference: {fileID: 0}
    - target: {fileID: 919132149155446097, guid: dd7e7297132bdd44590b2e4ba04a6d8b,
        type: 3}
      propertyPath: m_IsActive
      value: 1
      objectReference: {fileID: 0}
    - target: {fileID: 5866666021909216657, guid: dd7e7297132bdd44590b2e4ba04a6d8b,
        type: 3}
      propertyPath: m_Controller
      value: 
      objectReference: {fileID: 9100000, guid: a5f260ab348bc7e428cf147818ba9cff, type: 2}
    - target: {fileID: 5866666021909216657, guid: dd7e7297132bdd44590b2e4ba04a6d8b,
        type: 3}
      propertyPath: m_ApplyRootMotion
      value: 0
      objectReference: {fileID: 0}
    m_RemovedComponents: []
  m_SourcePrefab: {fileID: 100100000, guid: dd7e7297132bdd44590b2e4ba04a6d8b, type: 3}
--- !u!1 &6892947458553222691 stripped
GameObject:
  m_CorrespondingSourceObject: {fileID: 2451608504771551539, guid: dd7e7297132bdd44590b2e4ba04a6d8b,
    type: 3}
  m_PrefabInstance: {fileID: 9056026106544731920}
  m_PrefabAsset: {fileID: 0}
--- !u!1 &358012204385708385 stripped
GameObject:
  m_CorrespondingSourceObject: {fileID: -478896753309311375, guid: dd7e7297132bdd44590b2e4ba04a6d8b,
    type: 3}
  m_PrefabInstance: {fileID: 9056026106544731920}
  m_PrefabAsset: {fileID: 0}
--- !u!1 &8172940489403533889 stripped
GameObject:
  m_CorrespondingSourceObject: {fileID: 919132149155446097, guid: dd7e7297132bdd44590b2e4ba04a6d8b,
    type: 3}
  m_PrefabInstance: {fileID: 9056026106544731920}
  m_PrefabAsset: {fileID: 0}
--- !u!1 &5713624363827272026 stripped
GameObject:
  m_CorrespondingSourceObject: {fileID: 3668086056121675338, guid: dd7e7297132bdd44590b2e4ba04a6d8b,
    type: 3}
  m_PrefabInstance: {fileID: 9056026106544731920}
  m_PrefabAsset: {fileID: 0}
--- !u!1 &2629599390567036422 stripped
GameObject:
  m_CorrespondingSourceObject: {fileID: 6472589064474706198, guid: dd7e7297132bdd44590b2e4ba04a6d8b,
    type: 3}
  m_PrefabInstance: {fileID: 9056026106544731920}
  m_PrefabAsset: {fileID: 0}
--- !u!1 &7091197156837258747 stripped
GameObject:
  m_CorrespondingSourceObject: {fileID: -6933984331131501845, guid: dd7e7297132bdd44590b2e4ba04a6d8b,
    type: 3}
  m_PrefabInstance: {fileID: 9056026106544731920}
  m_PrefabAsset: {fileID: 0}
--- !u!1 &3680669191094566184 stripped
GameObject:
  m_CorrespondingSourceObject: {fileID: -3550759674550072776, guid: dd7e7297132bdd44590b2e4ba04a6d8b,
    type: 3}
  m_PrefabInstance: {fileID: 9056026106544731920}
  m_PrefabAsset: {fileID: 0}
--- !u!1 &2672164069965855679 stripped
GameObject:
  m_CorrespondingSourceObject: {fileID: 6392886965815168175, guid: dd7e7297132bdd44590b2e4ba04a6d8b,
    type: 3}
  m_PrefabInstance: {fileID: 9056026106544731920}
  m_PrefabAsset: {fileID: 0}
--- !u!1 &3029634221724565928 stripped
GameObject:
  m_CorrespondingSourceObject: {fileID: 6315765792793278136, guid: dd7e7297132bdd44590b2e4ba04a6d8b,
    type: 3}
  m_PrefabInstance: {fileID: 9056026106544731920}
  m_PrefabAsset: {fileID: 0}
--- !u!4 &7167719181384529273 stripped
Transform:
  m_CorrespondingSourceObject: {fileID: 2221872609835778665, guid: dd7e7297132bdd44590b2e4ba04a6d8b,
    type: 3}
  m_PrefabInstance: {fileID: 9056026106544731920}
  m_PrefabAsset: {fileID: 0}
--- !u!1 &1285036457528948540 stripped
GameObject:
  m_CorrespondingSourceObject: {fileID: -1407328588852412372, guid: dd7e7297132bdd44590b2e4ba04a6d8b,
    type: 3}
  m_PrefabInstance: {fileID: 9056026106544731920}
  m_PrefabAsset: {fileID: 0}
--- !u!1 &8006588388214250845 stripped
GameObject:
  m_CorrespondingSourceObject: {fileID: 1346693338035923533, guid: dd7e7297132bdd44590b2e4ba04a6d8b,
    type: 3}
  m_PrefabInstance: {fileID: 9056026106544731920}
  m_PrefabAsset: {fileID: 0}
--- !u!1 &452708783104443096 stripped
GameObject:
  m_CorrespondingSourceObject: {fileID: 8927594604549699016, guid: dd7e7297132bdd44590b2e4ba04a6d8b,
    type: 3}
  m_PrefabInstance: {fileID: 9056026106544731920}
  m_PrefabAsset: {fileID: 0}
--- !u!1 &2756093464617834262 stripped
GameObject:
  m_CorrespondingSourceObject: {fileID: 6598595493709832198, guid: dd7e7297132bdd44590b2e4ba04a6d8b,
    type: 3}
  m_PrefabInstance: {fileID: 9056026106544731920}
  m_PrefabAsset: {fileID: 0}
--- !u!1 &2664872141373442081 stripped
GameObject:
  m_CorrespondingSourceObject: {fileID: -2785774523018559695, guid: dd7e7297132bdd44590b2e4ba04a6d8b,
    type: 3}
  m_PrefabInstance: {fileID: 9056026106544731920}
  m_PrefabAsset: {fileID: 0}
--- !u!1 &3138585802504280152 stripped
GameObject:
  m_CorrespondingSourceObject: {fileID: -3016557516338679992, guid: dd7e7297132bdd44590b2e4ba04a6d8b,
    type: 3}
  m_PrefabInstance: {fileID: 9056026106544731920}
  m_PrefabAsset: {fileID: 0}
--- !u!1 &9044487252877078340 stripped
GameObject:
  m_CorrespondingSourceObject: {fileID: -9211815070973405100, guid: dd7e7297132bdd44590b2e4ba04a6d8b,
    type: 3}
  m_PrefabInstance: {fileID: 9056026106544731920}
  m_PrefabAsset: {fileID: 0}
--- !u!1001 &9056026106917666094
PrefabInstance:
  m_ObjectHideFlags: 0
  serializedVersion: 2
  m_Modification:
    m_TransformParent: {fileID: 7167719181384529273}
    m_Modifications:
    - target: {fileID: -8679921383154817045, guid: ae9f82ca1235fd942a3c1c8ece50d5f0,
        type: 3}
      propertyPath: m_LocalPosition.x
      value: 0.025
      objectReference: {fileID: 0}
    - target: {fileID: -8679921383154817045, guid: ae9f82ca1235fd942a3c1c8ece50d5f0,
        type: 3}
      propertyPath: m_LocalPosition.y
      value: 0.0089
      objectReference: {fileID: 0}
    - target: {fileID: -8679921383154817045, guid: ae9f82ca1235fd942a3c1c8ece50d5f0,
        type: 3}
      propertyPath: m_LocalPosition.z
      value: 0.0012
      objectReference: {fileID: 0}
    - target: {fileID: -8679921383154817045, guid: ae9f82ca1235fd942a3c1c8ece50d5f0,
        type: 3}
      propertyPath: m_LocalRotation.x
      value: -0.7882667
      objectReference: {fileID: 0}
    - target: {fileID: -8679921383154817045, guid: ae9f82ca1235fd942a3c1c8ece50d5f0,
        type: 3}
      propertyPath: m_LocalRotation.y
      value: 0.5718979
      objectReference: {fileID: 0}
    - target: {fileID: -8679921383154817045, guid: ae9f82ca1235fd942a3c1c8ece50d5f0,
        type: 3}
      propertyPath: m_LocalRotation.z
      value: -0.17901944
      objectReference: {fileID: 0}
    - target: {fileID: -8679921383154817045, guid: ae9f82ca1235fd942a3c1c8ece50d5f0,
        type: 3}
      propertyPath: m_LocalRotation.w
      value: 0.1397157
      objectReference: {fileID: 0}
    - target: {fileID: -8679921383154817045, guid: ae9f82ca1235fd942a3c1c8ece50d5f0,
        type: 3}
      propertyPath: m_RootOrder
      value: 3
      objectReference: {fileID: 0}
    - target: {fileID: -8679921383154817045, guid: ae9f82ca1235fd942a3c1c8ece50d5f0,
        type: 3}
      propertyPath: m_LocalEulerAnglesHint.x
      value: -0.888
      objectReference: {fileID: 0}
    - target: {fileID: -8679921383154817045, guid: ae9f82ca1235fd942a3c1c8ece50d5f0,
        type: 3}
      propertyPath: m_LocalEulerAnglesHint.y
      value: 153.763
      objectReference: {fileID: 0}
    - target: {fileID: -8679921383154817045, guid: ae9f82ca1235fd942a3c1c8ece50d5f0,
        type: 3}
      propertyPath: m_LocalEulerAnglesHint.z
      value: -107.87
      objectReference: {fileID: 0}
    - target: {fileID: -8679921383154817045, guid: ae9f82ca1235fd942a3c1c8ece50d5f0,
        type: 3}
      propertyPath: m_LocalScale.x
      value: 0.01293285
      objectReference: {fileID: 0}
    - target: {fileID: -8679921383154817045, guid: ae9f82ca1235fd942a3c1c8ece50d5f0,
        type: 3}
      propertyPath: m_LocalScale.y
      value: 0.01293285
      objectReference: {fileID: 0}
    - target: {fileID: -8679921383154817045, guid: ae9f82ca1235fd942a3c1c8ece50d5f0,
        type: 3}
      propertyPath: m_LocalScale.z
      value: 0.01293285
      objectReference: {fileID: 0}
    - target: {fileID: 919132149155446097, guid: ae9f82ca1235fd942a3c1c8ece50d5f0,
        type: 3}
      propertyPath: m_Name
      value: assaut_1
      objectReference: {fileID: 0}
    m_RemovedComponents: []
  m_SourcePrefab: {fileID: 100100000, guid: ae9f82ca1235fd942a3c1c8ece50d5f0, type: 3}
