%YAML 1.1
%TAG !u! tag:unity3d.com,2011:
--- !u!1 &686037949359894751
GameObject:
  m_ObjectHideFlags: 0
  m_CorrespondingSourceObject: {fileID: 0}
  m_PrefabInstance: {fileID: 0}
  m_PrefabAsset: {fileID: 0}
  serializedVersion: 6
  m_Component:
  - component: {fileID: 6578022181979438554}
  - component: {fileID: 1934239257814806820}
  - component: {fileID: 2819234012901370724}
  m_Layer: 14
  m_Name: SideTrigger
  m_TagString: Untagged
  m_Icon: {fileID: 0}
  m_NavMeshLayer: 0
  m_StaticEditorFlags: 0
  m_IsActive: 1
--- !u!4 &6578022181979438554
Transform:
  m_ObjectHideFlags: 0
  m_CorrespondingSourceObject: {fileID: 0}
  m_PrefabInstance: {fileID: 0}
  m_PrefabAsset: {fileID: 0}
  m_GameObject: {fileID: 686037949359894751}
  m_LocalRotation: {x: -0, y: -0, z: -0.7071068, w: 0.7071068}
  m_LocalPosition: {x: -0, y: -0.068, z: -0.5164067}
  m_LocalScale: {x: 2.658838, y: 1.0280799, z: 1.0205666}
  m_Children: []
  m_Father: {fileID: 2080875959776910288}
  m_RootOrder: 0
  m_LocalEulerAnglesHint: {x: 0, y: 0, z: 0}
--- !u!65 &1934239257814806820
BoxCollider:
  m_ObjectHideFlags: 0
  m_CorrespondingSourceObject: {fileID: 0}
  m_PrefabInstance: {fileID: 0}
  m_PrefabAsset: {fileID: 0}
  m_GameObject: {fileID: 686037949359894751}
  m_Material: {fileID: 0}
  m_IsTrigger: 1
  m_Enabled: 1
  serializedVersion: 2
  m_Size: {x: 0.32072958, y: 0.8830034, z: 0.08236157}
  m_Center: {x: 0, y: 0, z: 0}
--- !u!114 &2819234012901370724
MonoBehaviour:
  m_ObjectHideFlags: 0
  m_CorrespondingSourceObject: {fileID: 0}
  m_PrefabInstance: {fileID: 0}
  m_PrefabAsset: {fileID: 0}
  m_GameObject: {fileID: 686037949359894751}
  m_Enabled: 1
  m_EditorHideFlags: 0
  m_Script: {fileID: 11500000, guid: bbf5fcb9808821042a6b95773c5f2827, type: 3}
  m_Name: 
  m_EditorClassIdentifier: 
  _sideName: Side
  _triggerType: 0
  _addForceDirection: 0
  _forceDirection: 1
--- !u!1 &2290791728851440812
GameObject:
  m_ObjectHideFlags: 0
  m_CorrespondingSourceObject: {fileID: 0}
  m_PrefabInstance: {fileID: 0}
  m_PrefabAsset: {fileID: 0}
  serializedVersion: 6
  m_Component:
  - component: {fileID: 1681704769966966065}
  - component: {fileID: 7919726225045890589}
  - component: {fileID: 785376947126264780}
  m_Layer: 14
  m_Name: FrontTrigger
  m_TagString: Untagged
  m_Icon: {fileID: 0}
  m_NavMeshLayer: 0
  m_StaticEditorFlags: 0
  m_IsActive: 1
--- !u!4 &1681704769966966065
Transform:
  m_ObjectHideFlags: 0
  m_CorrespondingSourceObject: {fileID: 0}
  m_PrefabInstance: {fileID: 0}
  m_PrefabAsset: {fileID: 0}
  m_GameObject: {fileID: 2290791728851440812}
  m_LocalRotation: {x: -0, y: -0, z: -0, w: 1}
  m_LocalPosition: {x: 0.518, y: -0.045, z: -0.03485941}
  m_LocalScale: {x: 2.7341135, y: 0.99977505, z: 1.0205666}
  m_Children: []
  m_Father: {fileID: 2080875959776910288}
  m_RootOrder: 1
  m_LocalEulerAnglesHint: {x: 0, y: 0, z: 90}
--- !u!65 &7919726225045890589
BoxCollider:
  m_ObjectHideFlags: 0
  m_CorrespondingSourceObject: {fileID: 0}
  m_PrefabInstance: {fileID: 0}
  m_PrefabAsset: {fileID: 0}
  m_GameObject: {fileID: 2290791728851440812}
  m_Material: {fileID: 0}
  m_IsTrigger: 1
  m_Enabled: 1
  serializedVersion: 2
  m_Size: {x: 0.059304096, y: 0.90558195, z: 0.7654315}
  m_Center: {x: 0, y: 0, z: 0}
--- !u!114 &785376947126264780
MonoBehaviour:
  m_ObjectHideFlags: 0
  m_CorrespondingSourceObject: {fileID: 0}
  m_PrefabInstance: {fileID: 0}
  m_PrefabAsset: {fileID: 0}
  m_GameObject: {fileID: 2290791728851440812}
  m_Enabled: 1
  m_EditorHideFlags: 0
  m_Script: {fileID: 11500000, guid: bbf5fcb9808821042a6b95773c5f2827, type: 3}
  m_Name: 
  m_EditorClassIdentifier: 
  _sideName: Front
  _triggerType: 1
  _addForceDirection: 0
  _forceDirection: -1
--- !u!1 &8872605114730302807
GameObject:
  m_ObjectHideFlags: 0
  m_CorrespondingSourceObject: {fileID: 0}
  m_PrefabInstance: {fileID: 0}
  m_PrefabAsset: {fileID: 0}
  serializedVersion: 6
  m_Component:
  - component: {fileID: 3668473141583631682}
  - component: {fileID: 1684020375845189058}
  - component: {fileID: 4562999629782750615}
  m_Layer: 0
  m_Name: RigidbodyObject
  m_TagString: Untagged
  m_Icon: {fileID: 0}
  m_NavMeshLayer: 0
  m_StaticEditorFlags: 0
  m_IsActive: 1
--- !u!4 &3668473141583631682
Transform:
  m_ObjectHideFlags: 0
  m_CorrespondingSourceObject: {fileID: 0}
  m_PrefabInstance: {fileID: 0}
  m_PrefabAsset: {fileID: 0}
  m_GameObject: {fileID: 8872605114730302807}
  m_LocalRotation: {x: 0, y: 0, z: -0.7071068, w: 0.7071068}
  m_LocalPosition: {x: 3.0266013, y: 1.443769e-17, z: 0.05784273}
  m_LocalScale: {x: 0.6999997, y: 0.6999997, z: 0.7}
  m_Children:
  - {fileID: 2867499249342549014}
  - {fileID: 2080875959776910288}
  m_Father: {fileID: 0}
  m_RootOrder: 0
  m_LocalEulerAnglesHint: {x: 0, y: 0, z: -90}
--- !u!54 &1684020375845189058
Rigidbody:
  m_ObjectHideFlags: 0
  m_CorrespondingSourceObject: {fileID: 0}
  m_PrefabInstance: {fileID: 0}
  m_PrefabAsset: {fileID: 0}
  m_GameObject: {fileID: 8872605114730302807}
  serializedVersion: 2
  m_Mass: 1
  m_Drag: 0
  m_AngularDrag: 0.05
  m_UseGravity: 1
  m_IsKinematic: 0
  m_Interpolate: 0
  m_Constraints: 112
  m_CollisionDetection: 0
--- !u!114 &4562999629782750615
MonoBehaviour:
  m_ObjectHideFlags: 0
  m_CorrespondingSourceObject: {fileID: 0}
  m_PrefabInstance: {fileID: 0}
  m_PrefabAsset: {fileID: 0}
  m_GameObject: {fileID: 8872605114730302807}
  m_Enabled: 1
  m_EditorHideFlags: 0
  m_Script: {fileID: 11500000, guid: cf670d1907ab22f40813e1d3090641ec, type: 3}
  m_Name: 
  m_EditorClassIdentifier: 
  id: 'RigidbodyObject '
  _components:
  - {fileID: 2819234012901370724}
  - {fileID: 785376947126264780}
--- !u!1 &8936372894251559766
GameObject:
  m_ObjectHideFlags: 0
  m_CorrespondingSourceObject: {fileID: 0}
  m_PrefabInstance: {fileID: 0}
  m_PrefabAsset: {fileID: 0}
  serializedVersion: 6
  m_Component:
  - component: {fileID: 2867499249342549014}
  - component: {fileID: 181850351470819141}
  - component: {fileID: 5416472794227626751}
  m_Layer: 0
  m_Name: Model
  m_TagString: Untagged
  m_Icon: {fileID: 0}
  m_NavMeshLayer: 0
  m_StaticEditorFlags: 0
  m_IsActive: 1
--- !u!4 &2867499249342549014
Transform:
  m_ObjectHideFlags: 0
  m_CorrespondingSourceObject: {fileID: 0}
  m_PrefabInstance: {fileID: 0}
  m_PrefabAsset: {fileID: 0}
  m_GameObject: {fileID: 8936372894251559766}
  m_LocalRotation: {x: -0, y: -0, z: -0, w: 1}
  m_LocalPosition: {x: -0, y: 0, z: 0}
  m_LocalScale: {x: 1.8995726, y: 1.747736, z: 1.718561}
  m_Children: []
  m_Father: {fileID: 3668473141583631682}
  m_RootOrder: 0
  m_LocalEulerAnglesHint: {x: 0, y: 0, z: 0}
--- !u!33 &181850351470819141
MeshFilter:
  m_ObjectHideFlags: 0
  m_CorrespondingSourceObject: {fileID: 0}
  m_PrefabInstance: {fileID: 0}
  m_PrefabAsset: {fileID: 0}
  m_GameObject: {fileID: 8936372894251559766}
  m_Mesh: {fileID: 10202, guid: 0000000000000000e000000000000000, type: 0}
--- !u!65 &5416472794227626751
BoxCollider:
  m_ObjectHideFlags: 0
  m_CorrespondingSourceObject: {fileID: 0}
  m_PrefabInstance: {fileID: 0}
  m_PrefabAsset: {fileID: 0}
  m_GameObject: {fileID: 8936372894251559766}
  m_Material: {fileID: 0}
  m_IsTrigger: 0
  m_Enabled: 1
  serializedVersion: 2
  m_Size: {x: 1.0000001, y: 0.99999994, z: 0.99999994}
  m_Center: {x: 0, y: 0, z: 0}
--- !u!1001 &2084769879076015804
PrefabInstance:
  m_ObjectHideFlags: 0
  serializedVersion: 2
  m_Modification:
    m_TransformParent: {fileID: 3668473141583631682}
    m_Modifications:
    - target: {fileID: 1118085362977378, guid: 5527826a6315a224d850675a730c4f62, type: 3}
      propertyPath: m_Name
      value: SM_PolygonPrototype_Prop_Crate_03 (5)
      objectReference: {fileID: 0}
    - target: {fileID: 4035765028099436, guid: 5527826a6315a224d850675a730c4f62, type: 3}
      propertyPath: m_LocalPosition.x
      value: -0.00000008515
      objectReference: {fileID: 0}
    - target: {fileID: 4035765028099436, guid: 5527826a6315a224d850675a730c4f62, type: 3}
      propertyPath: m_LocalPosition.y
      value: -1e-14
      objectReference: {fileID: 0}
    - target: {fileID: 4035765028099436, guid: 5527826a6315a224d850675a730c4f62, type: 3}
      propertyPath: m_LocalPosition.z
      value: 0
      objectReference: {fileID: 0}
    - target: {fileID: 4035765028099436, guid: 5527826a6315a224d850675a730c4f62, type: 3}
      propertyPath: m_LocalRotation.x
      value: -0
      objectReference: {fileID: 0}
    - target: {fileID: 4035765028099436, guid: 5527826a6315a224d850675a730c4f62, type: 3}
      propertyPath: m_LocalRotation.y
      value: -0
      objectReference: {fileID: 0}
    - target: {fileID: 4035765028099436, guid: 5527826a6315a224d850675a730c4f62, type: 3}
      propertyPath: m_LocalRotation.z
      value: 0.7071068
      objectReference: {fileID: 0}
    - target: {fileID: 4035765028099436, guid: 5527826a6315a224d850675a730c4f62, type: 3}
      propertyPath: m_LocalRotation.w
      value: 0.7071068
      objectReference: {fileID: 0}
    - target: {fileID: 4035765028099436, guid: 5527826a6315a224d850675a730c4f62, type: 3}
      propertyPath: m_RootOrder
      value: 1
      objectReference: {fileID: 0}
    - target: {fileID: 4035765028099436, guid: 5527826a6315a224d850675a730c4f62, type: 3}
      propertyPath: m_LocalScale.x
      value: 1.7
      objectReference: {fileID: 0}
    - target: {fileID: 4035765028099436, guid: 5527826a6315a224d850675a730c4f62, type: 3}
      propertyPath: m_LocalScale.y
      value: 1.9
      objectReference: {fileID: 0}
    - target: {fileID: 4035765028099436, guid: 5527826a6315a224d850675a730c4f62, type: 3}
      propertyPath: m_LocalScale.z
      value: 1.6839284
      objectReference: {fileID: 0}
    m_RemovedComponents:
    - {fileID: 64851974674556490, guid: 5527826a6315a224d850675a730c4f62, type: 3}
  m_SourcePrefab: {fileID: 100100000, guid: 5527826a6315a224d850675a730c4f62, type: 3}
--- !u!4 &2080875959776910288 stripped
Transform:
  m_CorrespondingSourceObject: {fileID: 4035765028099436, guid: 5527826a6315a224d850675a730c4f62,
    type: 3}
  m_PrefabInstance: {fileID: 2084769879076015804}
  m_PrefabAsset: {fileID: 0}
